3100 5192
348 580 399 638 136
824 574 857 626 G.
877 574 1001 627 Asseris

345 744 449 780 snorum
463 744 536 781 arrna
549 727 683 791 mutuasti,
705 734 736 780 ut
755 727 963 798 supervinceres.
1000 726 1061 781 Solo
1082 727 1236 799 clypeorum
1258 742 1398 782 aureorum

346 846 448 916 fulgore
459 847 582 919 dejicior:
594 847 714 901 exclamo
726 854 816 900 tamen
824 846 897 900 Pone
906 864 960 901 non
968 854 1022 900 tua.
1037 847 1108 900 Nam
1115 846 1261 917 plurimum
1268 848 1398 913 intererit,

345 974 434 1017 utrum
447 967 585 1036 majestate
605 974 631 1019 et
641 965 817 1036 irrefragabili
828 966 985 1019 auctoritate
997 965 1215 1036 philosophorum
1233 982 1267 1017 an
1280 966 1401 1035 propria-

345 1102 405 1138 rum
417 1086 551 1139 rationum
563 1094 590 1139 et
599 1087 790 1139 sententiarum
801 1086 991 1157 conspicuitate
1004 1093 1089 1139 castra
1097 1092 1186 1137 nostra
1198 1084 1297 1155 poteris
1310 1084 1401 1138 debel-

344 1203 410 1256 lare.
446 1204 506 1257 Tibi
518 1221 553 1256 an
565 1205 618 1257 illis
630 1205 772 1275 deputetur
784 1204 901 1269 victoria,
917 1222 999 1276 quum
1011 1204 1068 1256 sine
1087 1202 1246 1255 discriminis
1259 1203 1399 1255 examina·

345 1319 419 1371 tione
429 1318 537 1371 illoram
550 1320 668 1388 vestigiis
679 1318 772 1372 volens
783 1320 966 1389 procumbam,
980 1326 1073 1371 contra
1084 1325 1111 1371 te
1124 1334 1157 1369 an
1171 1334 1245 1370 arma
1260 1316 1306 1370 sed
1326 1317 1402 1387 pacis

344 1436 428 1488 feram
440 1437 529 1489 statim
543 1438 681 1491 elucescet.
717 1436 791 1495 Quid
804 1437 897 1489 enimi
916 1436 987 1489 Vera
1000 1436 1061 1499 sint,
1075 1435 1142 1488 falsa
1154 1435 1215 1501 sint,
1228 1433 1401 1505 philosopho·

344 1572 404 1607 rum
418 1554 611 1627 inattingibilia
618 1557 751 1621 acumina,
762 1574 845 1625 quum
856 1555 1025 1625 ingeniorum
1038 1563 1187 1608 nostrorum
1200 1554 1242 1607 vis
1255 1554 1314 1607 sola
1326 1570 1403 1623 quae·

344 1675 419 1739 titur,
434 1675 498 1744 quid
517 1683 608 1728 nostra
620 1675 749 1727 interest?
769 1674 881 1727 Prorsus
893 1690 984 1725 eorum
995 1672 1062 1726 cedo
1084 1672 1242 1725 auctoritati.
1278 1673 1342 1725 Nou
1363 1674 1403 1726 sic

344 1811 409 1846 vero
422 1794 459 1846 sic
470 1794 598 1863 auffugiat
610 1793 741 1864 pupillam
761 1792 832 1845 oculi
845 1791 905 1855 mei,
921 1790 993 1861 quod
1010 1808 1147 1860 egressum
1166 1790 1246 1843 fuerit
1269 1790 1303 1845 de
1323 1792 1404 1847 labiis

344 1912 404 1964 tuis.
423 1912 440 1964 J
442 1929 490 1964 ure
498 1929 547 1964 suo
557 1911 656 1982 privari
668 1928 696 1963 sc
705 1910 823 1963 amicitia
831 1909 908 1962 aliter
915 1917 1128 1979 conquereretur,
1139 1909 1191 1961 nisi
1199 1926 1242 1962 res
1254 1910 1401 1965 amicorum

344 2049 423 2101 aequo
435 2030 577 2084 libramine
598 2031 780 2085 discuteretur.
817 2030 943 2083 Decursis
956 2030 1046 2099 itaque
1069 2037 1097 2081 et
1116 2029 1242 2082 discussis
1265 2032 1403 2086 vernantis

344 2151 505 2221 eloquentiae
514 2159 569 2204 tuae
579 2151 745 2204 sermonibus
754 2158 781 2203 et
795 2151 924 2214 sensibus,
939 2150 1035 2203 iterum
1044 2149 1193 2219 iterumque
1200 2158 1247 2202 tua
1254 2150 1402 2216 revolvens,

344 2278 372 2321 et
383 2286 444 2321 mea
453 2269 577 2323 evolvere
588 2270 715 2338 gestiens,
730 2270 811 2321 timeo
824 2267 873 2320 sub
892 2268 954 2320 luce
969 2267 1061 2320 videri.
1098 2267 1170 2326 Quid
1189 2268 1274 2337 ergo?
1294 2268 1404 2321 Pericu-

342 2386 399 2439 lum
411 2386 541 2456 experiar,
554 2386 666 2438 sednon
680 2387 707 2438 in
720 2386 786 2439 filia.
812 2386 927 2455 Loquar,
940 2384 987 2437 sed
998 2384 1101 2437 utinam
1113 2402 1167 2437 non
1180 2385 1279 2438 inania.
1299 2386 1400 2457 Repre-

342 2504 467 2570 hendam,
479 2505 527 2558 sed
540 2505 617 2559 amici
635 2505 777 2575 superflua.
816 2504 953 2569 Laudabo,
970 2502 1017 2557 sed
1037 2502 1255 2573 philosophorum
1276 2504 1396 2573 ingenia.

342 2623 416 2677 Hinc
429 2632 518 2677 tamen
532 2640 586 2677 non
594 2623 757 2694 progrediar,
770 2624 822 2677 nisi
834 2624 907 2695 prius
921 2623 984 2676 data
995 2638 1077 2675 manu
1089 2621 1271 2675 initumfuerit
1280 2630 1399 2693 pactum,

343 2758 451 2810 prorsus
467 2758 636 2812 nequaquam
648 2743 727 2795 irasci
744 2761 793 2813 pro
821 2743 910 2813 aliqua
930 2742 1100 2796 contumelia.
1136 2740 1293 2811 Ingrediens
1311 2741 1403 2813 itaque

343 2858 482 2929 aggrediar
503 2876 557 2912 non
574 2860 694 2914 veritatis
705 2860 842 2913 domicilia
856 2861 1016 2926 subvertere,
1036 2861 1083 2914 sed
1097 2860 1184 2924 amici,
1205 2862 1283 2932 siqua
1303 2868 1350 2924 est,
1374 2868 1402 2913 et

342 2973 477 3044 propriam
496 2974 530 3027 de
551 2974 757 3047 praejaeentibus
768 2977 910 3029 verborum
924 2975 1122 3030 diversitatibus
1137 2976 1298 3029 calumniam
1318 2992 1400 3046 argu·

343 3110 394 3157 ere,
408 3102 435 3146 et
449 3094 545 3163 quibus
555 3102 647 3165 potero
661 3095 862 3148 auctoritatibus
873 3094 1019 3148 rationibus
1039 3094 1169 3171 refellere.
1205 3094 1292 3147 Video
1307 3103 1400 3147 autem

341 3208 512 3263 investibulo
536 3211 610 3264 etin
631 3210 720 3263 frome
744 3210 863 3281 epistola
885 3218 949 3274 tuae,
970 3210 1042 3279 quod
1065 3210 1147 3263 nimia
1168 3208 1332 3262 formositate
1355 3209 1397 3261 sui

343 3328 521 3381 curiositatem
533 3327 672 3381 oculorum
684 3346 805 3381 meorum
820 3328 858 3381 sic
871 3328 961 3392 allicit,
983 3336 1014 3381 ut
1025 3329 1072 3381 vix
1085 3346 1132 3381 eos
1152 3328 1240 3399 ejicite
1254 3336 1281 3380 et
1299 3327 1396 3380 elicere

342 3439 455 3492 valeam.
492 3439 540 3492 list
563 3439 634 3492 enim
649 3439 786 3510 quiddam,
810 3440 885 3510 cujus
897 3457 994 3493 nornen
1007 3458 1086 3511 super
1101 3457 1179 3493 omne
1193 3456 1300 3503 nornen,
1321 3439 1398 3509 cujus

341 3559 427 3612 forma
439 3558 513 3632 cujus
528 3567 629 3614 statura
638 3568 665 3613 et
677 3560 789 3613 altitudo
801 3578 817 3613 a
829 3561 882 3613 fine
903 3560 1043 3631 superioris
1065 3560 1127 3613 coeli
1146 3577 1231 3631 usque
1251 3558 1286 3611 ad
1307 3558 1390 3611 finem

341 3678 472 3732 inferioris
483 3678 588 3733 inferni.
620 3680 713 3749 Imago
725 3677 1194 3732 cstimmutabiliternatanonfacta.
1212 3678 1288 3730 Unus
1296 3684 1336 3729 est
1350 3678 1398 3747 qui

341 3799 411 3851 hanc
423 3798 456 3851 de
465 3799 544 3852 corde
553 3816 600 3852 suo
609 3799 770 3869 excogitavit
779 3807 806 3852 et
815 3798 951 3863 eructavit,
960 3815 1014 3851 non
1024 3796 1120 3851 artifex
1126 3796 1206 3867 hujus
1214 3791 1260 3850 ied
1270 3796 1399 3849 omnium.

342 3918 431 3988 Hujus
443 3926 532 3971 autern
541 3925 616 3987 patet
628 3925 711 3988 pater.
732 3917 804 3969 Huic
816 3916 975 3970 conformari
988 3916 1172 3970 estreformari
1185 3936 1191 3970 ε
1204 3917 1274 3969 hanc
1283 3917 1397 3987 loqueu-

342 4046 441 4091 temet
464 4056 491 4089 se
510 4036 705 4106 exprimentem
727 4036 796 4105 aptis
817 4035 950 4088 coloribus
971 4035 1140 4102 renitentem,
1162 4042 1265 4106 sceptro
1285 4035 1398 4105 imperia

342 4162 441 4206 cuncta
452 4161 598 4223 regentem,
615 4151 750 4205 ooelicolas
772 4168 833 4205 curn
846 4151 975 4221 errigenis
993 4151 1021 4203 in
1042 4150 1158 4205 brachiis
1174 4149 1386 4221 conjungentem
