3100 5192
523 435 677 490 Desvrssss
695 450 843 489 reserens.
1185 440 1220 489 93

162 589 317 663 ponendum
329 590 416 656 fuerit,
429 591 536 664 spiritus
548 593 701 651 Paracletus
713 595 886 661 invocandus,
896 602 979 650 eoetus
990 602 1141 653 surmtorum
1154 612 1218 649 con-

161 713 308 778 voesndus,
322 722 349 768 et
359 712 504 780 virbonus,
517 714 663 786 religiosus,
676 716 814 782 discretus,
827 716 956 781 literatus,
965 715 1033 787 pius,
1043 725 1070 769 et
1080 716 1109 769 in
1122 726 1218 770 sancta

160 832 289 904 religione
301 834 440 900 enutritus,
453 834 500 906 qui
511 836 595 907 petris
606 836 689 890 nostri
701 836 818 890 imitator
831 837 873 902 sit,
885 835 1038 893 omnimodo
1056 836 1220 907 inuestigan-

164 951 223 1007 dus.
261 950 372 1010 valete!

314 1417 359 1467 ts.
378 1412 431 1467 AD
450 1412 589 1469 NOVUM
608 1414 788 1471 ABBATEM
808 1414 1063 1471 HORTATORIA.

257 1530 431 1587 Vsunsssrss
450 1532 669 1587 Mosssunnsrou
689 1550 789 1589 sesses
808 1547 912 1589 sssrns
931 1534 966 1588 G.
986 1548 1120 1587 ssnusnn.

198 1651 232 1705 ln
250 1653 323 1707 omni
331 1653 495 1725 possessione
507 1654 641 1728 precellit
652 1655 798 1709 amicorum
810 1654 955 1728 possessio:
985 1662 1073 1726 potest
1084 1654 1210 1726 enimpo-

149 1772 489 1844 'rsrisedeompsrnri-sson
497 1781 586 1847 potest
593 1774 702 1829 amicus.
721 1772 1220 1846 Numquodinoomparebileestcom·

161 1892 253 1964 perui
260 1893 394 1963 quomodo
402 1894 506 1965 potest?
517 1895 561 1948 An
569 1911 624 1947 non
631 1911 695 1949 vero
703 1894 911 1967 incomparabile
920 1903 960 1948 est
967 1892 1038 1966 quod
1046 1892 1166 1947 nondum
1172 1891 1222 1947 ts-

162 2012 250 2066 bitum
262 2011 315 2065 emi
323 2030 378 2066 non
387 2019 482 2083 potest,
492 2014 627 2085 perditum
636 2019 713 2085 seque
724 2013 820 2067 redimi
829 2031 884 2069 non
891 2013 982 2067 valeti
999 2012 1093 2067 Talem
1104 2012 1220 2067 enricum

162 2131 318 2203 frequenter
328 2131 600 2202 quaeronecinvenio,
612 2132 692 2185 etiam
701 2132 730 2185 iss
738 2148 820 2203 grege
829 2133 984 2193 amicorum.
1003 2131 1156 2205 Egregium,
1166 2149 1220 2187 non

162 2250 198 2307 de
205 2268 288 2322 grege
297 2250 442 2321 gregalem,
450 2249 573 2305 desidem
582 2250 706 2305 amicum.
736 2250 856 2306 Numero
863 2251 999 2322 gaudeant
1007 2252 1162 2317 amicorum,
1172 2252 1221 2323 'qui

162 2385 248 2424 unum
256 2369 618 2424 nesoiunthnberesmiouns.
654 2368 693 2422 Ut
701 2368 772 2422 enim
781 2370 819 2422 ait
828 2369 936 2435 Seneon,
945 2368 1026 2425 Plura
1034 2368 1221 2423 hebeentlnos·

162 2486 468 2560 pitimrsrstomioitiss.
504 2486 750 2541 Nonsliteromiois
759 2494 870 2540 utuntur
880 2486 989 2557 quidam
997 2504 1078 2557 quern
1086 2486 1218 2558 hospitiis.

165 2606 195 2660 Si
206 2614 367 2661 nootsrrnum
379 2604 448 2659 bene
460 2622 488 2658 se
500 2604 644 2675 prebuerit
654 2603 806 2676 hospitium,
821 2622 900 2659 mene
918 2604 1030 2659 laudant
1044 2612 1070 2659 et
1087 2605 1217 2659 obeuntes

166 2732 347 2790 eommutsnt3
366 2731 394 2777 et
405 2732 471 2795 quot
483 2723 539 2777 dies
551 2731 630 2777 erunt
640 2723 871 2795 peregrinationis,
884 2731 924 2777 tot
934 2722 1147 2778 numerabuntur
1154 2722 1222 2778 rele-

167 2842 288 2899 mtiones
298 2842 410 2897 itineris.
445 2841 491 2897 sd
503 2850 608 2913 tempus
619 2841 735 2897 occmrit
746 2840 899 2914 hospitium,
913 2856 962 2896 nee
971 2842 1013 2896 sui
1023 2860 1103 2897 causa
1112 2842 1222 2914 petitus,

166 2960 216 3017 sed
240 2966 345 3017 tentum
367 2969 398 3015 ut
420 2961 485 3015 fessi
508 2960 668 3015 releventur.
703 2961 767 3015 Non
786 2960 823 3015 its
840 2962 1018 3033 perfsmotorie
1037 2962 1138 3016 eminus
1154 2962 1223 3017 forte
1284 3008 1290 3028 ,

166 3096 309 3136 ocurrrens
320 3078 497 3151 reeipiendus,
510 3079 559 3133 sod
577 3094 638 3131 eum
653 3078 744 3132 labore
762 3078 934 3149 querendus,
952 3095 1014 3132 cnm
1032 3078 1223 3135 deliberatione

164 3200 357 3266 sdmitteudus,
369 3218 432 3254 eum
442 3199 532 3254 studio
540 3194 706 3264 ietinendus,
718 3215 780 3253 cnm
792 3199 864 3253 omni
873 3198 1021 3270 vigilantis,
1031 3198 1120 3265 lessus,
1130 3207 1223 3255 renuti·

166 3317 308 3385 uiliundus,
326 3336 388 3373 oum
405 3318 542 3384 instantis,
556 3318 628 3373 torte
646 3318 760 3391 elapsus,
779 3319 982 3391 prosequendus
1001 3326 1028 3391 et
1045 3318 1222 3375 sesoostrdus·

167 3437 232 3493 Non
240 3437 378 3510 possidens
388 3437 504 3492 mniessm
516 3447 644 3510 tunquam
654 3437 795 3510 prndium.
832 3438 904 3493 Nom
915 3438 1108 3493 infructuosum
1120 3438 1223 3511 respuis

166 3562 217 3610 sut
226 3553 329 3609 udones
340 3572 360 3607 e
368 3562 395 3607 te
406 3554 552 3625 prndium:
567 3554 705 3609 lucrosum
716 3553 859 3608 studiosius
871 3553 944 3619 colis,
955 3562 982 3607 et
991 3554 1026 3609 nd
1034 3555 1224 3626 possidendum

162 3672 317 3730 svtdiorsm
326 3671 444 3727 intendis
454 3671 583 3727 animum.
627 3673 730 3745 Ite‘qui
741 3672 770 3725 in
785 3672 873 3726 amieo
887 3672 1000 3743 requirit
1016 3685 1073 3726 non
1091 3670 1221 3737 animum,

166 3790 339 3868 sedentum
355 3809 413 3845 non
424 3791 515 3857 fidem,
528 3790 576 3845 sed
587 3791 698 3858 iseiem3
717 3808 772 3844 non
784 3808 879 3854 mores,
892 3790 939 3844 sed
952 3798 1055 3857 vestest
1081 3806 1136 3843 non
1148 3796 1226 3843 natu·

166 3883 457 3977 sumsedt'ortunsm
490 3927 571 3965 eausa
587 3908 702 3983 propriu
717 3909 846 3975 utilitatis,
867 3924 923 3963 non
939 3908 1069 3964 naturulis
1084 3905 1221 3973 bonitstis,

169 4029 286 4089 sinimus
303 4030 408 4103 querit.
453 4030 605 4103 Repentino
622 4044 729 4103 quoqu
747 4044 802 4085 nen
819 4027 976 4085 omnimodo
994 4026 1169 4102 eppmbsnds
1186 4033 1226 4083 est
