3100 5192
522 697 835 736 osavaumosrrsrom.
1188 684 1222 737 ³7

166 825 289 880 intentio.
326 823 456 890 Stadium,
468 824 555 889 lectio,
570 825 699 889 etoratio,
718 824 823 877 narbam
844 840 899 876 non
917 830 1024 876 amant:
1042 822 1223 895 impetitone

167 945 326 1018 plerumque
337 945 477 1017 peregrino
488 953 658 1017 superventu,
672 946 736 1015 quia
746 944 793 998 rix
803 945 903 1016 patitur
914 961 943 999 aa
960 945 1053 1017 partiri
1065 962 1127 998 eum
1144 943 1224 998 adve-

167 1067 260 1120 niente
274 1064 457 1136 inquietudine
468 1065 564 1121 nobilia
576 1066 674 1120 animae
687 1065 842 1120 consolatio.

240 1187 318 1241 Forte
329 1205 411 1242 onera
422 1188 515 1259 gravia
527 1195 554 1242 et
562 1186 748 1260 importabilia,
762 1205 824 1260 qnae
842 1205 892 1241 nec
913 1186 1004 1258 digitis
1022 1194 1132 1257 tangere
1149 1201 1223 1257 poes-

168 1325 223 1372 um,
242 1306 359 1362 humeris
376 1308 470 1362 vestris
495 1307 612 1379 impono.
648 1308 771 1368 Quonam
797 1308 870 1362 anim
887 1307 968 1362 modo
999 1305 1123 1362 dominus
1147 1323 1223 1360 mena

168 1429 352 1486 cluniacensis
374 1431 472 1502 poterit
494 1447 614 1502 unquam
639 1429 681 1484 vel
708 1429 841 1504 experiri?
876 1429 963 1484 lmmo
982 1431 1072 1484 vivere
1090 1428 1223 1499 quomodo

167 1551 272 1621 poterit,
286 1551 308 1604 ei
319 1551 370 1606 hoc
382 1570 437 1608 non
449 1551 549 1606 feeerit.
588 1552 616 1605 Si
627 1559 687 1624 poet
705 1569 797 1616 omnes
814 1569 843 1606 se
859 1544 999 1606 tobiam·
1017 1558 1057 1605 eat
1074 1551 1182 1620 quando
1193 1569 1222 1604 se

171 1672 297 1726 habebiti
332 1673 448 1727 Rursum
460 1674 483 1728 ai
495 1692 556 1728 eum
567 1691 622 1728 non
633 1673 763 1739 habuerit
778 1673 824 1744 qui
836 1674 893 1727 aine
905 1690 937 1727 eo
947 1673 1036 1726 vivere
1049 1689 1102 1726 non
1116 1672 1221 1737 debent,

121 1814 126 1821 ·
169 1801 270 1865 quanta
289 1792 547 1865 peetisetiniquitas.
583 1793 701 1865 Expedit
709 1793 797 1866 potina
805 1792 1134 1848 utunuamoriaturhomo
1142 1808 1222 1863 quam

168 1922 225 1968 tota
236 1933 302 1986 gena
313 1923 420 1987 pereat:
440 1915 487 1969 sed
498 1933 603 1968 rursum
616 1914 681 1986 quid
692 1915 807 1987 prodeat,
821 1916 844 1969 ai
854 1923 941 1969 totum
953 1889 1220 1980 mundum‘locretur,

169 2053 198 2088 se
212 2041 301 2088 autem
313 2035 401 2105 ipsum
409 2034 504 2105 perdat
516 2043 542 2088 et
560 2034 748 2089 detrimentum
766 2035 807 2088 sui
824 2035 923 2088 faeiat?
940 2035 1019 2100 Eece,
1028 2043 1060 2088 ut
1076 2033 1220 2099 attenditis,

167 2174 212 2210 rea
219 2155 248 2210 in
260 2162 333 2210 arato
344 2154 431 2226 posita
442 2162 497 2221 ost3
511 2172 599 2226 neque
611 2153 646 2208 ad
658 2155 780 2210 dextram
791 2172 840 2227 pro
849 2174 886 2222 ae,
894 2174 982 2227 neque
990 2155 1165 2211 monianum
1172 2173 1222 2227 pro

165 2277 225 2330 aliie
237 2276 420 2331 excedendum
442 2287 488 2330 est.
527 2276 599 2336 Quid
610 2276 708 2348 igitur?
726 2276 848 2332 Medium
867 2277 955 2349 eligat,
975 2287 1002 2332 et
1019 2278 1043 2331 ei
1060 2295 1114 2332 non
1132 2283 1220 2348 potest

171 2417 279 2454 omnem
292 2399 371 2465 diem,
384 2398 478 2452 saltem
491 2397 561 2451 diem
573 2399 643 2452 inter
651 2398 722 2452 diem
733 2399 847 2454 habeat:
866 2400 1050 2454 habeantenm
1058 2397 1120 2465 olii;
1139 2398 1187 2452 aed
1195 2407 1223 2452 et

169 2521 244 2591 ipse:
263 2519 361 2573 habeat
372 2537 400 2571 se
412 2518 514 2590 ipsum3
534 2518 581 2571 aed
599 2519 690 2572 etalii.
728 2519 793 2573 Non
811 2518 914 2573 dividet
932 2519 1062 2574 infantem
1073 2519 1173 2584 rivum,
1192 2527 1224 2572 ut

169 2640 317 2695 decreverit
328 2640 452 2694 Salomon
461 2658 467 2692 :
475 2639 574 2693 habeat
585 2655 646 2692 eum
659 2640 700 2692 vel
711 2647 796 2694 mater
803 2640 906 2694 velnon
916 2647 1008 2706 mater,
1018 2641 1100 2692 immo
1117 2657 1227 2711 semper

168 2764 267 2817 habeat
278 2770 377 2828 maten
396 2780 451 2816 non
465 2762 514 2815 sibi
526 2763 602 2816 vivat
613 2769 734 2816 tentum:
753 2779 808 2816 nou
818 2737 996 2828 aliistontum,
1006 2762 1053 2816 aed
1062 2761 1112 2816 sibi
1121 2770 1148 2815 et
1157 2761 1224 2815 aliia:

168 2903 223 2938 non
236 2884 293 2937 aliia
306 2891 417 2948 tantum,
430 2901 465 2936 ne
474 2883 530 2954 ipse
542 2891 649 2954 pereat:
668 2899 723 2937 non
736 2884 786 2936 sibi
797 2892 910 2949 tantum,
923 2901 958 2939 ne
970 2901 1032 2938 ovea
1042 2885 1099 2938 aine
1116 2890 1223 2955 pastore

167 3005 350 3061 succumbant.
381 3003 417 3056 Et
428 3002 461 3056 de
472 3002 659 3057 hishactenus.

275 3122 409 3176 Praeterea
420 3139 474 3176 non
487 3121 640 3191 indignetur
652 3120 774 3174 dominus
786 3139 869 3186 meua,
888 3122 910 3176 ai
928 3121 1021 3177 dixero
1039 3122 1222 3194 quodsaentio.

169 3245 273 3309 Dicam,
286 3243 334 3297 sed
352 3260 412 3296 oum
429 3242 539 3296 licentia
556 3241 651 3295 dicam.
689 3242 778 3302 Quid?
812 3243 882 3303 Qraia
900 3243 975 3297 deest
991 3261 1096 3316 semper
1121 3243 1223 3314 aliquid

169 3373 251 3420 curtae
263 3365 316 3418 rei:
329 3364 380 3418 hoo
393 3363 462 3417 sorte
480 3361 552 3435 apud
569 3380 618 3418 noe
635 3362 804 3435 proverbium
823 3372 870 3430 est,
889 3364 937 3418 sed
954 3364 1051 3419 faciam
1062 3365 1171 3418 verbum
1188 3365 1223 3419 de

169 3485 315 3558 proverbio.
353 3485 490 3555 Laqueum
503 3483 585 3538 debiti
597 3483 712 3556 quadam
725 3484 898 3556 perplexione
906 3486 1120 3540 ratiocinandum
1133 3486 1224 3541 differ-

169 3609 211 3672 tis,
224 3607 263 3660 ita
274 3604 412 3659 scribendo
423 3605 451 3658 in
464 3605 583 3676 epistole.
620 3605 647 3657 Si
657 3604 792 3658 redditum
801 3611 848 3669 eat,
862 3623 916 3658 non
935 3605 1062 3659 debemus
1080 3607 1218 3677 superhoo

106 3805 109 3810 Ι
170 3727 331 3799 inquietari:
351 3727 373 3780 ei
384 3734 493 3799 propter
504 3724 670 3782 reddendum
686 3725 798 3798 quaeotio
816 3726 906 3797 aliqua
924 3725 1074 3791 ventilatur,
1088 3725 1167 3780 debet
1179 3728 1224 3799 ju-

167 3849 276 3904 diciario
285 3849 377 3904 ordine
389 3847 502 3902 diffiniri
515 3855 541 3901 et
552 3847 666 3919 partium
676 3847 834 3920 allegatione
842 3855 869 3903 et
875 3847 975 3922 judicia
987 3848 1119 3904 sententia
1130 3849 1220 3902 tormi-

169 3970 235 4024 nari.
255 3969 329 4024 Bone
341 3969 455 4035 domine,
468 3969 537 4022 bene
546 3967 636 4021 docuit
644 3985 693 4021 nos
709 3968 834 4040 magister
850 3977 937 4024 vester
954 3987 1111 4042 proponere,
1121 3970 1222 4024 utinam

170 4092 207 4146 sic
227 4091 297 4146 bene
324 4089 432 4146 solvere.
470 4089 576 4142 Solvere
589 4089 649 4142 dico
667 4088 796 4154 debitum,
814 4107 869 4143 non
888 4088 1080 4160 syllogismum.
1119 4088 1224 4142 Viderit

170 4229 224 4266 non
238 4219 348 4266 extensa
360 4209 545 4282 disputatione,
557 4208 603 4262 sed
616 4209 803 4280 compendiosa
813 4207 949 4272 relatione,
957 4209 1002 4262 vel
1013 4208 1101 4280 potius
1112 4208 1222 4275 ratione,

168 4334 238 4388 inter
247 4351 312 4406 quoa
320 4331 498 4404 quaestiohaeo
507 4330 605 4385 versari
614 4329 746 4396 debeteui
755 4336 889 4403 competat
896 4329 966 4385 aetio
973 4338 1000 4385 et
1012 4331 1136 4386 adversm
1143 4348 1223 4404 quem
