3100 5192
338 621 373 670 46
796 645 821 679 a.
842 645 955 680 anaante

340 758 475 831 triumpho
487 761 616 833 tripudiat
625 763 800 831 adversarius,
821 767 845 820 si
860 766 894 820 de
915 767 1007 820 castris
1024 767 1163 839 patientiae
1180 785 1236 822 non
1250 767 1396 824 violentam

339 877 477 934 victoriam
489 882 536 935 sed
548 881 718 939 innocentem
736 887 911 958 reportaverit
919 887 1083 958 patientiam.
1119 888 1195 942 Tunc
1205 897 1276 943 certe
1298 891 1397 944 solum-

339 1004 419 1057 modo
431 1022 474 1058 me
486 1014 639 1077 superatum
652 1009 752 1075 estimo,
767 1027 851 1082 quum
859 1009 1011 1066 irritatione
1024 1029 1184 1082 quacunque
1193 1013 1323 1066 terminos
1336 1013 1397 1068 reli-

342 1124 429 1194 gionis
440 1127 627 1197 transgredior.

442 1245 563 1298 Audient
582 1246 670 1317 igitur,
704 1248 816 1302 audiant
844 1250 1034 1304 obtrectatores
1058 1251 1119 1316 mei,
1145 1251 1260 1304 Carnem
1286 1252 1395 1322 quidem

338 1381 427 1416 meam
435 1364 535 1436 diligo;
550 1367 596 1420 sed
608 1375 669 1438 post
681 1368 803 1439 spiritum
816 1387 923 1424 carnem
935 1371 1025 1442 diligo,
1039 1371 1095 1424 scil.
1109 1371 1257 1426 secundum
1267 1373 1396 1443 Apostol-

335 1501 382 1538 um
400 1503 508 1539 carncm
526 1487 617 1559 diligo,
638 1489 750 1542 sednon
763 1491 974 1562 supramodum.
1011 1491 1126 1544 Carnem
1138 1498 1219 1557 mam,
1241 1492 1279 1545 ait
1307 1492 1395 1565 Scrip-

338 1614 449 1672 tura,ne
470 1608 629 1679 despexeris.
667 1611 765 1665 Beatus
793 1629 898 1682 quoquc
917 1612 1061 1684 Gregorius
1089 1612 1170 1665 dicit:
1189 1613 1258 1666 Sunt
1284 1613 1393 1684 quidam

336 1727 382 1795 qui
393 1725 515 1797 diligunt;
527 1729 575 1781 sed
582 1747 630 1799 per
642 1731 812 1783 affectionem
824 1732 986 1801 cognationis
999 1739 1026 1785 et
1037 1733 1131 1798 carnis,
1145 1734 1240 1802 quibus
1252 1750 1327 1786 sacra
1339 1734 1392 1788 elo-

338 1847 466 1916 quianon
479 1848 702 1914 corrtradicunt,et
713 1850 860 1921 Apostolus
875 1870 881 1904 ε
895 1852 982 1905 Nemo
994 1870 1114 1924 unquam
1128 1871 1235 1907 carnem
1242 1872 1318 1907 suam
1331 1855 1392 1908 odio

333 1967 434 2021 habuit.
472 1968 535 2022 Non
553 1968 643 2040 itaque
662 1971 794 2040 evangelii
816 1989 863 2024 seu
882 1990 1015 2027 canonum
1032 1982 1198 2045 contemptor
1222 1975 1391 2045 iniquitatem

334 2094 554 2164 patrocinandam
567 2096 678 2166 suscepi,
693 2096 739 2168 qui
748 2095 782 2150 de
793 2097 852 2172 lege
871 2097 981 2152 Domini
992 2099 1047 2152 iota
1054 2117 1139 2152 unum
1151 2108 1198 2153 aut
1217 2099 1321 2170 apicem
1342 2118 1389 2173 pro

334 2215 461 2283 temporis
474 2217 671 2285 opportunitate
679 2216 770 2270 volens
783 2235 837 2271 non
849 2219 991 2289 praeterivi.

488 2579 521 2634 17
557 2579 750 2634 MAGISTRO
762 2580 903 2635 JOANNI
921 2579 1220 2635 SARESBERIENSI.

474 2718 542 2753 IDEM
552 2718 690 2753 MAGISTRO
702 2719 723 2753 J.

336 2805 437 2902 favus
464 2836 593 2890 distillans
612 2837 666 2890 lab.
674 2845 693 2890 t.
710 2856 745 2890 m.
769 2837 845 2891 etlac
863 2837 912 2890 s.l.
937 2845 957 2890 t.
993 2837 1033 2890 Ut
1052 2835 1155 2889 litteras
1170 2843 1230 2889 tuas
1256 2834 1319 2899 vidi,
1342 2852 1390 2888 cor

337 2974 429 3010 meum
443 2956 538 3028 jubilo,
554 2975 583 3010 os
591 2974 679 3010 meum
689 2957 820 3028 repletum
833 2966 873 3011 est
884 2958 949 3010 risu:
960 2957 1088 3010 miscuisti
1100 2956 1233 3028 siquidem
1241 2957 1316 3028 jocos
1324 2954 1388 3008 seri-

332 3077 362 3143 is,
389 3078 435 3132 sed
445 3085 610 3150 temperatos,
622 3087 649 3132 et
657 3079 713 3132 sinc
726 3079 821 3132 merito
833 3078 995 3150 dignationis
1007 3086 1034 3132 et
1052 3077 1230 3131 verecundiae.
1249 3076 1323 3129 Sales
1347 3075 1386 3127 tui

292 3213 294 3218 ’
337 3200 393 3252 sine
402 3199 481 3251 dente
494 3207 562 3263 sunt,
568 3198 624 3269 joci
636 3199 693 3251 sine
706 3199 814 3252 vilitate.
831 3200 874 3252 Sic
891 3198 1007 3252 decurrit
1030 3198 1114 3251 oratio
1126 3206 1173 3250 tua
1194 3205 1324 3267 tanquam
1335 3193 1383 3247 illa

337 3339 397 3390 quae
410 3320 553 3390 aliquando
565 3321 649 3374 nubes
662 3321 749 3392 capite
756 3322 851 3391 tangit,
866 3322 1010 3392 aliquando
1019 3321 1123 3374 vultum
1135 3321 1274 3374 interram
1286 3318 1382 3372 demit

336 3441 376 3495 tit.
416 3440 525 3494 Invenit
536 3440 595 3494 haec
608 3440 720 3512 gratiam
733 3441 761 3494 in
771 3440 854 3494 oculis
867 3440 948 3493 meis:
967 3458 1073 3494 mecum
1081 3439 1200 3492 manebit
1211 3447 1238 3492 et
1250 3438 1322 3511 apud
1340 3455 1383 3490 me

332 3570 388 3618 tota
399 3569 478 3624 nocte
488 3562 545 3616 erit.
582 3561 630 3615 Est
640 3580 756 3632 namque
769 3579 825 3614 vox
840 3570 887 3614 tua
899 3561 985 3614 dulcis
1003 3561 1031 3613 in
1044 3560 1152 3614 auribus
1169 3559 1244 3625 mein
1264 3566 1291 3611 et
1307 3575 1383 3610 mon-

332 3689 385 3741 itus
405 3686 445 3740 tui
457 3685 521 3740 satis
530 3684 656 3738 amabiles
668 3684 696 3737 in
705 3684 917 3737 faucibusmeis.
957 3682 1075 3752 Insurgit
1092 3689 1181 3734 autem
1198 3698 1270 3751 saepe
1280 3687 1385 3732 contra-

333 3806 506 3869 rinsventus3
524 3821 596 3874 saepe
608 3802 733 3856 imbrium
742 3809 838 3855 turmae
848 3803 971 3872 quatiunt
983 3800 1100 3865 domum,
1114 3807 1141 3852 et
1151 3799 1269 3853 bruchus
1288 3805 1315 3850 et
1331 3796 1386 3849 loc-

333 3931 401 3987 usta,
416 3937 494 3975 eruca
507 3928 533 3974 et
541 3920 643 3990 nabigo,
663 3919 763 3972 hortuli
774 3919 826 3973 mei
838 3919 939 3972 areolas
952 3919 1090 3972 devastare
1099 3926 1212 3972 tentant.
1249 3916 1302 3970 Sed
1318 3932 1384 3984 ang·

332 4045 389 4098 elus
400 4040 492 4112 magni
502 4039 604 4094 consilii
617 4038 700 4109 surgit
721 4038 754 4090 de
774 4001 845 4103 navi,
863 4045 890 4091 et
909 4036 975 4090 iacit
991 4036 1211 4106 tranquillitatem
1232 4043 1380 4096 ventorum,

328 4162 497 4218 serenitatem
516 4157 673 4221 nimborum,
695 4155 942 4209 exterminationem
960 4155 1094 4208 inutilium
1113 4155 1252 4208 vermium.
1289 4154 1380 4212 Quum

329 4284 399 4337 enim
413 4282 541 4350 Deuspro
554 4278 637 4341 nobis,
659 4277 716 4349 quis
736 4277 910 4328 contrarios?
946 4275 1013 4327 Sunt
1041 4281 1111 4328 certe
1129 4272 1222 4326 mortis
1252 4271 1378 4342 pericula,
