3100 5192
492 536 647 587 Dsnvansrs
665 525 819 586 Errsrosn.
1135 535 1184 583 123

130 690 343 761 negatiscontra
365 690 452 742 Deum
473 689 639 743 contumeliis
662 688 791 741 afliciunt.
828 687 933 739 Nomen
954 684 1044 753 itaque
1065 682 1117 734 Dei
1137 699 1185 752 per

132 828 179 863 eoa
190 809 392 879 blasphematur
408 808 479 861 inter
498 815 599 877 gentes.
636 805 748 858 Utinam
769 805 884 858 Phineas
896 808 1061 875 resurgeret:
1084 800 1186 852 utinam

133 930 229 983 Helias
242 930 300 983 zelo
313 929 414 981 zelatus
428 947 477 999 pro
489 929 568 981 domo
582 927 664 980 lsrael
676 928 860 981 recumbentes
877 926 904 977 in
917 924 999 977 idolio
1011 924 1073 993 igne
1085 922 1186 975 coelesti

133 1056 321 1103 consumeret:
340 1049 442 1101 utinam
456 1047 550 1101 saltem
570 1047 718 1101 Hieremiae
737 1045 918 1116 captivitatem
931 1043 994 1095 filiae
1013 1040 1075 1094 Sion
1090 1042 1186 1111 triplici

132 1166 217 1231 luctu,
238 1167 338 1220 scilicet
357 1168 491 1233 orationis,
514 1166 711 1238 predicationis
731 1174 759 1218 et
780 1164 903 1234 exempli,
924 1162 1039 1226 doceret,
1058 1174 1185 1225 moneret,

134 1286 253 1339 defleret.
291 1287 377 1339 Verus
391 1304 507 1358 namque
520 1286 631 1350 Pharao,
643 1286 688 1358 qui
700 1285 790 1340 omnia
799 1284 919 1353 dissipat,
928 1282 1031 1353 lapides
1044 1282 1186 1334 sanctuarii

134 1422 184 1474 per
207 1406 356 1475 platearum
381 1406 498 1475 compita
515 1405 678 1468 disseminat,
704 1420 767 1456 vasa
784 1403 877 1472 templi
896 1402 1003 1455 Domini
1024 1402 1052 1454 in
1071 1400 1188 1454 delubris

134 1526 190 1577 suis
196 1526 274 1595 juxta
288 1526 381 1597 Dagon
396 1534 520 1597 asportat,
534 1525 618 1577 lilium
631 1523 743 1594 virginis
754 1540 816 1578 curn
829 1522 884 1575 lilio
898 1522 1012 1575 Veneris
1025 1521 1144 1585 collocat,
1161 1530 1187 1574 et

134 1647 163 1698 in
178 1645 273 1716 phialis
285 1655 313 1699 et
329 1647 437 1718 scyphis
456 1665 517 1699 cum
538 1645 695 1699 concubinis
706 1644 762 1696 suia
776 1661 862 1713 usque
883 1643 917 1695 ad
931 1660 1010 1695 mane
1029 1651 1120 1712 potare
1134 1659 1187 1694 non

135 1773 230 1818 cessat.
266 1766 358 1835 Usque
372 1783 432 1837 qno,
449 1766 572 1828 Domine,
587 1780 643 1816 nou
658 1772 698 1817 est
716 1763 762 1833 qui
774 1779 891 1833 pennam
910 1769 1024 1823 moveat,
1039 1770 1065 1813 et
1076 1763 1188 1830 gannire

134 1884 252 1938 audeat?
279 1884 400 1938 Medium
424 1884 558 1936 silentium
578 1891 681 1936 teneret
708 1884 805 1934 omnia.
857 1881 965 1951 Moyses
987 1897 1041 1933 non
1069 1881 1189 1933 extendit

134 2022 230 2057 manus
242 2004 278 2058 od
290 2005 379 2057 coelos.
418 2004 521 2056 Graves
533 2004 604 2057 enim
618 2013 680 2055 sunt
693 2012 719 2054 et
730 2002 820 2072 plenae
833 2002 977 2071 sanguine:
998 1999 1060 2053 ideo
1074 2001 1188 2054 rinoitnr

134 2123 218 2176 Israel
239 2131 266 2176 et
278 2123 361 2176 vincit
375 2122 513 2175 Amalech.
551 2123 671 2180 Quatuor
690 2120 757 2172 labri
777 2120 902 2172 cornibus
916 2120 969 2172 suis
989 2119 1120 2172 ventilant
1131 2123 1190 2173 uni-

133 2261 241 2296 versum
253 2242 352 2295 ludam
365 2250 392 2295 et
404 2241 493 2306 lsrael,
507 2242 571 2294 dum
583 2241 718 2294 residuum
735 2258 822 2293 erucae
840 2238 954 2293 comedit
966 2239 1075 2305 locusta,
1090 2247 1116 2292 et
1127 2240 1190 2293 resi-

134 2363 217 2416 duum
230 2362 340 2415 locustae
352 2362 476 2427 bruchus,
490 2370 517 2414 et
538 2361 673 2414 residuum
693 2360 788 2413 bruchi
808 2359 911 2429 rubigo.
948 2359 1017 2412 Haec
1037 2367 1098 2412 sunt
1111 2362 1189 2413 tertia

135 2491 163 2536 et
177 2490 271 2552 quarta
283 2482 426 2553 generatio,
441 2482 468 2534 in
487 2481 584 2550 quibus
598 2481 729 2535 Dominus
743 2479 831 2531 reddit
848 2486 958 2548 peccata
974 2478 1059 2549 patris
1077 2478 1104 2529 in
1119 2479 1188 2532 filiis.

133 2602 226 2655 Prima
237 2602 373 2671 generatio
395 2611 436 2655 est
455 2600 592 2670 suggestio
609 2600 704 2662 carnis,
721 2596 840 2649 secunda
861 2598 961 2667 primus
978 2598 1069 2667 pulsus
1088 2598 1189 2667 cogita·

134 2722 223 2786 tionis,
237 2722 314 2774 tertia
326 2721 480 2773 deliberatio
492 2720 535 2772 vel
548 2719 709 2791 perpetratio
723 2719 817 2788 operis,
832 2727 926 2790 quarta
938 2718 1066 2789 regulatio
1073 2719 1188 2772 sceleris.

135 2841 214 2895 Felix
239 2842 285 2911 qui
313 2841 354 2894 his
379 2840 504 2894 cornibus
526 2858 580 2892 non
607 2839 759 2893 ventilatur.
797 2839 887 2910 Siqua
901 2839 990 2909 itaque
1011 2839 1039 2891 in
1060 2839 1137 2892 vobis
1150 2848 1190 2893 est

134 2962 323 3015 misericordiae
336 2961 457 3025 scintilla,
472 2962 494 3013 si
509 2977 562 3031 qua
579 2960 681 3012 viscera
697 2960 815 3029 pietatis,
831 2959 853 3011 si
870 2959 930 3027 quis
942 2977 984 3011 ros
1006 2960 1188 3029 benignitatis,

134 3080 353 3151 compungimini.
390 3079 519 3134 lacrimae
532 3078 624 3149 procul
637 3078 785 3132 dnbioistae
803 3096 970 3147 nequaquam
979 3078 1086 3131 inutiles
1102 3088 1188 3131 erunt.

134 3201 192 3252 Aut
204 3199 276 3251 enim
298 3199 349 3252 illis
370 3199 517 3270 proderunt
536 3206 562 3251 et
584 3206 787 3261 conver-nentur,
809 3207 855 3249 aut
868 3197 901 3250 ad
925 3215 973 3249 vos
993 3197 1097 3250 redient
1118 3205 1143 3251 et
1158 3198 1187 3250 in

134 3324 220 3377 sinum
229 3332 346 3378 veatmm
357 3331 529 3375 revertentur.
551 3321 588 3374 Ut
598 3322 709 3375 redeant
718 3323 808 3391 itaque
819 3322 852 3373 de
860 3322 903 3373 via
913 3340 960 3374 sua
969 3322 1040 3374 mala
1048 3321 1183 3384 molendo,

133 3442 243 3495 transite
255 3442 289 3495 de
300 3451 377 3512 porta
389 3442 422 3494 ad
432 3451 547 3512 portam,
557 3441 647 3511 gladio
656 3450 778 3512 potenter
790 3443 934 3527 accinctus.
971 3442 1079 3493 Nemini
1087 3450 1187 3512 pareat,

134 3561 182 3613 sed
194 3559 326 3628 dispereat
338 3559 371 3610 de
383 3566 454 3611 terra
474 3559 602 3610 memoria
618 3576 708 3611 eorum
731 3561 776 3628 qui
791 3559 826 3611 ad
847 3576 893 3611 cor
911 3558 997 3611 redire
1019 3560 1187 3623 distulerunt,

135 3679 181 3748 qui
193 3677 360 3748 iniquitatem
383 3694 443 3746 quae
456 3677 483 3728 in
504 3693 585 3729 manu
598 3694 689 3731 eorum
707 3696 765 3730 non
788 3678 954 3731 abstulerint.
993 3678 1062 3731 Haec
1084 3679 1186 3743 advos,
1214 3684 1218 3691 '

134 3806 263 3865 tanquam
275 3796 309 3848 ad
332 3796 446 3848 amicum
462 3768 582 3867 justitiae,
605 3795 745 3848 zelatorem
767 3796 861 3849 domus
884 3796 941 3862 Dei,
965 3797 1025 3849 odio
1046 3798 1187 3850 habentem

135 3934 180 3971 eos
195 3914 241 3986 qui
262 3914 448 3969 contradicunt
462 3914 626 3967 sermonibus
648 3915 754 3967 sanetis.
801 3915 845 3967 Ad
860 3934 903 3969 eos
923 3917 1019 3986 quibus
1031 3916 1098 3970 nihil
1111 3916 1188 3969 dulce

134 4044 175 4090 est
186 4044 285 4107 praeter
297 4033 390 4087 vinum
402 4042 430 4087 et
445 4033 570 4103 pretium,
583 4034 650 4086 nihil
663 4052 784 4088 amarum
802 4045 899 4106 praeter
914 4036 1057 4088 claustrum
1072 4043 1099 4088 et
1112 4035 1190 4087 silen-

134 4158 212 4218 tium,
227 4153 294 4227 nibil
307 4152 451 4205 amandum
463 4159 561 4223 praeter
573 4170 678 4206 carnem
694 4164 720 4206 et
732 4154 870 4219 mundum,
887 4154 953 4208 nihil
967 4172 1076 4207 exosum
1089 4162 1188 4225 praeter
