3100 5192
542 760 688 810 centensis
708 770 853 811 urrerem
1206 761 1241 812 ’Χῖ

187 914 234 974 sed
253 921 275 974 si
299 919 416 973 lmctum
440 938 494 975 non
507 921 907 987 videas,laboras:ssdsit'mem
927 940 981 978 nou
1000 941 1097 997 speras,
1115 923 1236 977 laboras:

186 1043 232 1097 sed
245 1043 267 1096 si
278 1043 477 1096 retributionem
491 1061 545 1097 non
563 1043 725 1098 consideras.v
757 1041 793 1098 Et
799 1044 834 1100 de
847 1032 903 1098 linc
919 1045 1027 1116 quidem
1039 1045 1168 1117 scriptum
1184 1054 1239 1103 cst:

189 1164 251 1235 qnia
270 1181 331 1218 ecce
350 1165 412 1218 finis
432 1165 611 1218 venit-venit
630 1165 698 1218 finis.
737 1165 861 1238 Denique
878 1138 1028 1239 dppensum
1047 1175 1087 1224 est
1106 1137 1243 1224 indtatcrt

190 1280 286 1338 laboris
299 1294 410 1358 tempus,
424 1294 450 1340 et
464 1287 600 1340 inventum
617 1296 657 1340 est
673 1288 761 1342 minus
778 1287 967 1361 habensquem
985 1288 1164 1346 retributionis
1180 1287 1245 1352 dcu-

188 1407 266 1459 erius.
303 1407 364 1460 Non
378 1407 405 1459 in
418 1406 474 1459 dies
486 1415 512 1460 et
524 1424 609 1461 annos
623 1407 779 1478 producitur
795 1409 878 1474 labor,
887 1409 989 1480 quiain
1004 1408 1110 1464 modico
1125 1417 1152 1464 ct
1167 1409 1246 1465 bresi-
1289 1449 1291 1452 -

191 1527 240 1580 erit
253 1525 374 1581 laborum
389 1527 535 1582 retributio.
572 1528 673 1582 lterum
691 1527 724 1581 de
742 1528 832 1582 fructu
847 1529 991 1583 videndum
1005 1529 1125 1601 estquod
1141 1530 1244 1587 truens

186 1655 246 1718 tuus
258 1649 359 1703 fructus
371 1646 490 1703 sublimis
507 1657 554 1715 est,
573 1647 874 1714 fructuslucis,liuct11s
889 1651 1105 1705 benedictionum
1123 1649 1240 1718 Domini,

192 1769 295 1824 fructus
307 1769 515 1825 innumerabilis.
552 1770 699 1826 Dinumera
711 1771 802 1828 stellas
814 1771 884 1837 coeli,
897 1789 1005 1826 arenam
1016 1771 1246 1838 marisetdinum·

188 1908 262 1944 erare
273 1893 372 1963 poteris
383 1892 499 1945 fructum
510 1890 580 1946 horti
598 1892 714 1958 Domini,
730 1891 832 1946 scilicet
846 1892 1035 1947 cluniacensis.
1072 1892 1144 1954 Quid
1155 1893 1242 1949 dimne

187 2011 221 2066 de
240 2011 400 2066 dilectione?
420 2013 534 2066 .Aunon
553 2030 633 2077 emes,
652 2022 727 2084 pater
745 2015 933 2078 amantissime,
952 2014 1079 2069 dilectum
1093 2033 1127 2068 cx
1135 2014 1239 2079 dilecto,

187 2133 357 2187 vulneratum
376 2133 484 2186 caritate
502 2133 530 2186 in
547 2132 639 2203 ligno?
674 2133 751 2196 Novi,
771 2133 833 2187 novi
850 2151 908 2203 ego,
928 2135 1001 2188 novit
1019 2143 1046 2188 et
1063 2135 1173 2206 angelus
1180 2144 1241 2190 tuns

188 2253 358 2307 dilectionem
373 2260 454 2318 tuam,
469 2251 696 2307 flammescentem
712 2255 739 2307 in
758 2254 903 2309 Dominum
917 2255 1027 2321 fortiter,
1036 2255 1241 2311 recalescentem

187 2376 216 2429 in
228 2375 378 2447 proximum
390 2392 444 2458 non
456 2357 630 2428 mediocriter.
667 2373 792 2446 Denique
799 2377 858 2449 pius
870 2386 897 2430 et
902 2377 993 2449 largus
1000 2386 1181 2432 remunerator
1187 2396 1242 2433 non

188 2498 273 2552 solum
286 2516 395 2569 opernm
407 2497 453 2551 sed
466 2506 493 2550 et
503 2497 683 2562 effectionum,
696 2507 757 2552 ante
769 2500 865 2554 faciem
879 2509 952 2552 tuam
968 2500 1088 2554 Christus
1104 2501 1121 2553 J
1123 2517 1183 2572 esus
1198 2517 1242 2554 ac-

190 2624 292 2678 cinctus
304 2623 384 2693 plena
399 2638 480 2675 manu
495 2585 643 2693 praecurrit,
659 2622 686 2675 in
703 2621 786 2675 latere
803 2622 873 2677 claro
889 2623 964 2676 vultu
981 2623 1123 2688 concurrit,
1140 2631 1242 2694 etpost

190 2753 294 2816 tergum
324 2751 433 2798 extenso
462 2741 571 2797 brachio
600 2743 752 2808 succurn't;
783 2744 930 2815 praecurrit
957 2753 988 2796 ut
1010 2718 1147 2816 praevius,
1179 2762 1242 2801 con·

189 2864 271 2918 currit
299 2872 330 2918 ut
359 2865 452 2929 socius,
485 2863 614 2918 succurrit
642 2872 673 2916 ut
701 2863 829 2918 medicus.
886 2863 1035 2918 Praecurrit
1063 2874 1094 2918 ut
1122 2866 1240 2931 imiteris,

186 2985 318 3039 concurrit
336 3003 370 3038 ne
383 2983 496 3049 lasseris,
514 2984 642 3037 succurrit
656 3001 690 3036 ue
703 2983 810 3037 laberis.
846 2966 1236 3059 haecmmtpraedmtmauone,

187 3105 321 3160 concurrit
331 3090 477 3170 locatione,
491 3104 619 3157 succurrit
626 3079 828 3175 iustificatione.
865 3102 949 3155 Jacob
962 3120 1023 3156 eum
1034 3104 1062 3156 in
1069 3113 1144 3158 utero
1152 3107 1245 3160 matris

178 3213 312 3303 pravium
329 3229 431 3293 habuit,
452 3229 577 3300 quoniam
585 3245 639 3281 non
652 3245 685 3281 ex
697 3228 820 3299 operibus
828 3227 875 3282 sed
883 3245 917 3281 cx
926 3236 1036 3282 vocante
1056 3228 1157 3284 dictum
1177 3238 1233 3284 est:

188 3351 272 3405 Jacob
285 3350 375 3415 dilexi,
388 3349 459 3403 Esau
471 3357 560 3403 autem
572 3349 632 3402 odio
643 3348 733 3401 habui.
770 3349 902 3420 Angelica
917 3367 1021 3422 quoque
1032 3359 1129 3404 natura
1139 3351 1168 3404 in
1180 3369 1242 3409 con·

181 3473 336 3527 firmatione
349 3489 404 3526 suae
416 3472 566 3526 stabilitatis
579 3479 779 3526 concurrentem
790 3451 904 3541 &ratium
915 3471 1017 3525 habuit.
1054 3472 1134 3526 Saulo
1145 3472 1242 3528 nihilo·

186 3593 273 3647 minus
282 3593 310 3648 in
320 3593 449 3664 languore
461 3609 516 3646 suae
528 3590 693 3644 infidelitatis
705 3607 794 3644 nonne
805 3579 891 3660 &tatia
898 3589 931 3643 de
941 3590 1009 3643 coelo
1016 3592 1161 3644 succurrit?
1178 3591 1243 3645 Post

180 3711 255 3772 bunc
267 3734 374 3770 currens
386 3733 440 3769 non
452 3714 568 3778 deficies,
584 3730 644 3766 cum
655 3713 705 3766 isto
717 3713 816 3766 vadens
824 3712 955 3767 adomnia
963 3713 1097 3766 sufficies:
1114 3711 1240 3768 huictcto

186 3847 255 3894 totus
267 3841 374 3894 innixus
392 3840 480 3894 omnia
492 3848 518 3892 te
532 3855 608 3909 posse
624 3856 677 3892 non
693 3837 823 3910 desperes.
860 3837 966 3903 Omnia,
984 3838 1072 3909 inquit
1086 3836 1237 3910 Apostolus,

185 3979 292 4034 possum
304 3963 332 4014 in
348 3979 386 4026 eo,
406 3961 451 4033 qui
465 3978 508 4013 me
519 3931 661 4014 'confortat
700 3958 806 4013 Itineris
822 3975 928 4030 quoque
942 3958 1049 4013 duriora
1065 3967 1092 4013 et
1106 3959 1241 4031 asperiora

185 4085 236 4140 sibi
253 4084 372 4140 christus
386 4101 441 4137 non
459 4083 567 4153 ignarus
585 4081 631 4135 sed
648 4081 780 4152 benignus
797 4081 926 4135 secernit:
945 4099 1000 4136 non
1018 4081 1089 4134 enim
1106 4088 1147 4134 est
1165 4078 1239 4136 dolat

184 4209 253 4262 sicut
264 4206 338 4261 dolor
345 4208 407 4279 ‘ejus
419 4214 445 4259 et
456 4205 533 4259 nobis
545 4204 676 4275 planiores
688 4207 794 4261 semitas
800 4205 903 4278 lapides
909 4204 943 4258 de
952 4205 995 4258 via
1001 4203 1097 4260 tollens
1104 4204 1236 4277 proponit

184 4327 263 4382 Unde
276 4329 327 4381 ait:
365 4327 461 4380 Pacem
473 4326 595 4397 relinquo
606 4324 687 4392 vobis,
700 4345 727 4399 p.
739 4345 777 4380 m.
789 4326 815 4379 d.
830 4345 853 4378 v.
890 4326 973 4397 Quart
982 4301 1087 4399 {uerrae
1098 4333 1193 4384 vem
1210 4336 1238 4383 et

185 4448 267 4501 debiti
286 4447 398 4517 poenalr's
417 4446 568 4534 discrimina
588 4439 707 4516 persolvi,
730 4455 755 4499 ct
774 4447 847 4516 pacis
866 4447 978 4515 integrae
996 4445 1114 4500 remedia
1126 4446 1233 4500 indulsi
