3100 5192
363 572 412 622 128
487 570 498 627 ,’
551 570 561 578 ”
839 565 872 617 G.
893 567 1014 617 Aaaarrs

357 728 408 778 bus
419 728 509 796 itaque
522 724 650 779 molestiis
663 724 758 789 earnis,
772 722 983 777 infestationrhus
996 724 1100 794 antiqui
1106 723 1199 787 hostie,
1211 722 1414 778 machinationi-

358 844 409 897 bus
421 844 582 898 omnimodae
594 842 773 913 malignitatis,
788 860 891 913 oppone
904 842 1026 913 clypeum
1046 843 1141 895 crucis.
1179 843 1280 895 Manus
1294 844 1413 909 Domini,

360 980 420 1033 quae
447 960 534 1032 tetigit
561 970 596 1026 te,
621 962 760 1015 recordare
780 962 842 1031 quia
859 961 918 1030 ipsa
935 969 976 1013 est
994 978 1054 1030 quae
1081 962 1180 1014 creavit
1208 970 1243 1015 te.
1281 965 1412 1035 Nunquid

356 1080 442 1134 lutum
455 1082 521 1134 dicit
528 1081 611 1151 figulo
625 1097 681 1142 suo,
691 1081 780 1138 Quare
792 1079 877 1132 fecisti
890 1080 947 1131 sict
961 1079 1082 1147 Loquere
1094 1080 1223 1151 potiuskin
1237 1082 1414 1135 amaritudine

358 1181 456 1253 animm
468 1208 531 1265 tuae,
549 1209 575 1253 et
594 1200 638 1252 dic
663 1201 728 1262 Deo,
741 1200 804 1253 Noli
825 1217 868 1251 me
890 1199 1075 1251 condemnare.
1112 1200 1163 1251 Dio
1186 1201 1321 1269 (inquam)
1349 1201 1414 1266 Deo,

358 1319 604 1372 Misericordiseime
619 1318 743 1381 Domine,
760 1326 789 1370 et
807 1326 883 1388 pater
904 1317 1151 1382 misericordiarum,
1174 1320 1261 1387 posito
1278 1318 1306 1370 in
1324 1318 1414 1372 labore

360 1439 497 1492 hominum
510 1439 545 1493 da
558 1439 677 1508 requiem
694 1438 860 1508 angolorum,
877 1436 961 1507 ejecto
982 1455 998 1489 a
1018 1437 1084 1489 facie
1106 1446 1192 1502 oerrae,
1210 1438 1244 1489 da
1265 1438 1414 1507 ingressum

361 1574 471 1626 upernae
482 1558 585 1627 patriae,
609 1557 788 1610 consolatione
811 1558 937 1610 destituto
955 1557 1081 1621 humana,
1095 1556 1164 1608 adsit
1184 1556 1284 1608 divina.
1322 1557 1417 1627 Usque

357 1676 391 1729 ad
403 1676 539 1729 sedentem
551 1678 579 1728 in
591 1677 686 1729 throno
694 1695 747 1729 vox
758 1679 818 1730 haec
831 1676 955 1741 evolabit,
969 1676 991 1729 si
1004 1693 1057 1729 non
1070 1675 1239 1745 impatientia
1251 1676 1351 1730 doloris
1369 1678 1412 1731 vel

361 1792 447 1845 cordis
459 1792 610 1862 insipientia
622 1792 695 1844 illam
709 1792 891 1845 retardaverit.

395 1912 536 1980 Equidem,
551 1912 640 1975 frater,
658 1911 760 1963 dolores
780 1910 1012 1981 apprehenderunt
1034 1920 1059 1963 te
1071 1912 1141 1963 inter
1154 1913 1297 1981 angustias.
1344 1913 1415 1972 Quid

361 2034 480 2087 miruml
497 2034 561 2086 Non
575 2042 623 2095 est,
642 2033 728 2102 inquit
743 2032 830 2096 lesus,
844 2032 918 2084 dolor
931 2033 997 2084 sicut
1016 2032 1092 2085 dolor
1106 2050 1189 2085 meus.
1226 2034 1336 2092 Quare?
1355 2035 1417 2103 quia

358 2170 414 2205 non
426 2154 544 2223 peccavi,
556 2160 583 2204 et
594 2151 814 2222 peccatipoenam
826 2150 916 2214 tolero,
930 2150 993 2219 quia
1006 2168 1059 2203 non
1072 2152 1148 2221 rapui
1161 2161 1188 2204 et
1200 2152 1302 2206 solvere
1315 2155 1415 2225 exigor.

362 2266 449 2317 Immo
460 2283 514 2317 nou
537 2274 577 2317 eet
588 2265 664 2317 dolor
686 2266 754 2317 sieut
766 2264 841 2317 dolor
856 2283 938 2329 meus,
958 2266 1020 2335 quia
1038 2284 1128 2318 servus
1146 2274 1250 2337 emptus
1269 2272 1417 2323 contemnit

359 2384 415 2454 pati
429 2402 489 2453 quae
502 2384 613 2437 sustinet
624 2384 747 2436 dominus
759 2384 825 2453 ejus.
852 2384 912 2437 Filii
922 2384 1060 2437 hominum
1073 2402 1212 2456 usquequo
1226 2390 1304 2457 gravi
1316 2390 1417 2443 corde?

361 2508 468 2571 Nonne,
482 2523 565 2576 quum
577 2523 660 2558 essem
673 2504 803 2567 dominus,
816 2504 902 2556 factus
917 2522 974 2556 sum
992 2523 1091 2570 servus,
1103 2523 1185 2575 quum
1198 2525 1283 2561 essem
1296 2510 1421 2580 impassi-

361 2628 429 2691 bilis,
443 2627 528 2679 iactus
547 2644 604 2678 sum
616 2624 756 2695 passibilis,
769 2624 888 2676 mortalis
909 2641 991 2694 quum
1012 2643 1095 2677 essem
1107 2626 1272 2679 immortalis.
1310 2629 1414 2699 thuid
1483 2675 1488 2688 ,
1545 2700 1546 2711 γ

362 2749 469 2799 foenum
481 2756 586 2797 recusat
598 2743 669 2813 quod
683 2742 782 2796 eoelum
801 2742 882 2794 immo
895 2741 1025 2795 Dominus
1038 2743 1165 2796 coelorum
1184 2747 1289 2815 portati
1309 2748 1352 2799 Ex
1363 2748 1415 2827 hoc

363 2862 466 2919 mundo
486 2865 566 2916 Jesus
586 2861 707 2914 transivit
726 2868 753 2912 et
766 2860 869 2911 foeuum
890 2860 1017 2913 manebit.
1055 2861 1158 2913 Coelum
1183 2881 1288 2935 quoque
1306 2874 1414 2921 etterre

361 2983 519 3047 transibunt,
531 2988 557 3034 et
569 2980 634 3033 cinis
647 2986 673 3032 et
686 2978 774 3049 pulvis
786 2978 966 3030 habitabunt?
977 2978 1119 3048 Propterea
1130 2980 1219 3047 irater,
1232 2985 1380 3038 consoletur
1390 2996 1417 3040 te

364 3104 499 3173 flagellum
517 3101 659 3164 inundans,
674 3099 756 3151 immo
768 3098 909 3150 mundans.
955 3098 1033 3162 Haec,
1047 3100 1165 3168 inquam,
1182 3102 1231 3153 tibi
1249 3103 1283 3155 sit
1296 3107 1417 3159 consola·

362 3230 408 3291 tio,
422 3237 453 3278 ut
464 3225 587 3293 affligens
599 3238 692 3274 manus
712 3218 822 3271 Domini
837 3234 893 3269 non
915 3226 1015 3286 parcat.
1051 3220 1093 3271 Sic
1113 3221 1147 3272 ad
1162 3240 1258 3290 purum
1276 3226 1362 3278 scoria
1374 3235 1420 3280 tua

364 3347 533 3409 excoquatur,
547 3346 577 3387 ut
589 3335 677 3387 anima
688 3340 735 3384 tua
755 3342 883 3400 tanquam
896 3348 929 3383 ex
943 3349 1006 3384 auro
1027 3334 1117 3387 obrizo
1132 3336 1239 3389 coeleste
1256 3356 1304 3391 vas
1318 3340 1420 3395 coelesti

363 3461 449 3512 forma
459 3458 595 3510 formetur.
632 3452 715 3505 Filius
724 3451 793 3503 fabri
807 3450 881 3503 sedet
901 3451 1020 3504 conflans
1040 3460 1066 3505 et
1078 3455 1224 3509 emundans
1237 3468 1377 3527 argentum
1391 3471 1417 3515 et

364 3580 437 3635 aliud
449 3576 582 3648 quoddam
595 3590 642 3625 vas
654 3572 719 3625 facit
733 3572 760 3623 in
774 3569 910 3635 honorem,
929 3588 953 3621 a.
971 3573 998 3623 in
1013 3588 1071 3624 con.
1109 3574 1156 3626 Vis
1170 3575 1259 3629 videre
1272 3596 1319 3631 vas
1331 3581 1358 3633 in
1374 3583 1421 3637 hon

363 3700 475 3758 norem‘t
492 3697 536 3751 Ad
548 3694 654 3748 tertium
666 3691 763 3744 coelum
775 3691 877 3759 rapitur
884 3690 993 3755 ¹Paulus,
1008 3710 1053 3744 vas
1066 3694 1208 3761 electionis,
1221 3698 1267 3750 ubi
1276 3693 1422 3758 inebriatus

367 3825 400 3876 ab
410 3824 529 3873 ubertate
541 3817 635 3868 domus
649 3813 700 3865 Dei
712 3811 851 3874 exclamat,
888 3811 912 3862 0
926 3811 1041 3877 domine,
1054 3815 1165 3883 poculus
1177 3825 1237 3871 tuus
1247 3818 1324 3887 inest,
1340 3841 1419 3892 quam

364 3946 509 4020 praeclarus
527 3941 586 3993 est?
607 3939 649 3989 Sic
669 3935 815 3988 inebriatus
834 3951 883 3986 nec
905 3935 1057 3988 verberibus
1069 3938 1155 4005 caedit,
1169 3958 1219 3993 nec
1235 3942 1357 4013 flagellis,
1372 3966 1421 4003 nee

364 4068 458 4140 plagis,
472 4081 521 4117 nec
540 4060 681 4121 doloribus,
703 4074 753 4108 nec
770 4055 849 4107 etiam
871 4055 1005 4141 mortibus.
1044 4058 1096 4111 Hic
1119 4060 1218 4131 Joseph
1237 4067 1353 4135 scyphus
1366 4079 1415 4135 est,

362 4190 389 4239 in
415 4204 467 4256 quo
486 4181 618 4251 auguriari
635 4178 734 4237 solitus,
757 4175 898 4244 praeterita,
925 4178 1075 4243 praesentia,
1100 4187 1126 4230 et
1147 4181 1236 4235 futura
1256 4188 1330 4254 genti
1355 4206 1411 4241 suae
