3100 5192
528 499 684 552 Dnnvnnsrs
711 520 857 557 nrrsronn.
1183 508 1217 555 63

166 653 248 706 Plane
260 654 333 723 prius
346 671 426 724 quam
439 655 559 709 audirem
573 657 695 724 obedivi3
715 666 858 728 antequam
866 658 1006 713 consilium
1015 659 1121 712 daretur
1130 661 1222 729 acqui-

165 776 215 829 evi.
252 775 338 829 Tanta
351 776 498 830 dilectionis
510 778 636 832 velocitas
648 788 678 832 ut
690 780 783 834 audire
794 799 850 834 non
864 788 987 852 expectet
998 780 1070 851 quod
1079 781 1166 834 facere
1174 780 1221 834 de·

165 898 219 952 bet.
256 897 333 951 Laedi
344 915 459 968 namque
474 917 501 951 se
511 899 624 964 estimat,
634 900 685 952 nisi
693 901 838 954 amicorum
848 900 998 954 voluntates
1009 906 1142 971 procurat.
1178 899 1221 954 De

165 1017 259 1071 merito
271 1033 318 1070 suo
326 1016 474 1087 plurimum
487 1017 538 1069 sibi
549 1017 656 1088 praeripi
677 1018 767 1088 gemit,
781 1019 833 1072 nisi
854 1020 935 1074 etiam
954 1027 1056 1072 motum
1077 1019 1221 1072 voluntatis

167 1137 304 1208 vigilanter
314 1136 549 1208 praeoccupaverit.
561 1136 637 1192 Tunc
647 1138 720 1203 laeta,
734 1146 799 1191 tunc
810 1138 1007 1208 gratulabunda
1016 1157 1098 1210 quum
1106 1157 1220 1211 praeces·

167 1259 230 1312 serit
236 1258 367 1312 veniendo
378 1267 404 1312 et
412 1258 609 1329 quodammodo
621 1259 767 1313 excesserit
779 1261 880 1331 majora
892 1260 1024 1314 faciendo.
1063 1261 1220 1315 Oexcessus

169 1381 293 1445 caritatis,
308 1379 332 1432 0
345 1379 477 1433 excedens
487 1380 590 1434 caritas.
630 1379 691 1434 Sola
703 1380 731 1432 in
751 1380 823 1432 omni
835 1399 933 1450 genere
945 1381 1072 1434 virtutum
1089 1383 1220 1436 exceden-

170 1501 204 1554 do
217 1520 271 1555 non
284 1503 397 1567 excedis,
412 1502 580 1554 ascendendo
600 1519 655 1554 non
668 1502 774 1566 corruis,
789 1502 921 1556 descendo
933 1503 1062 1556 ascendis.
1099 1503 1144 1556 Ad
1163 1521 1219 1557 mo·

167 1625 230 1677 dum
248 1625 385 1696 proprium
409 1624 546 1676 cohibetur
569 1622 712 1687 humilitas,
732 1623 858 1676 terminos
876 1641 937 1677 suos
948 1624 1029 1678 habet
1047 1625 1162 1689 castitas,
1180 1623 1216 1676 ad

172 1746 271 1798 malum
283 1763 338 1798 non
350 1744 471 1796 laxamus
483 1744 642 1798 obedientiae
655 1743 789 1808 habenas;
809 1744 844 1796 ad
856 1745 924 1797 fines
936 1763 996 1798 suos
1017 1764 1067 1798 nec
1087 1747 1157 1800 ultra
1177 1765 1222 1800 ex·

168 1866 286 1920 tenditur
298 1866 422 1936 largitas;
443 1866 477 1918 ad
489 1867 555 1920 fines
568 1866 700 1920 mendacii
712 1885 766 1918 non
781 1867 883 1920 accedit
899 1867 1004 1919 veritas.
1042 1867 1085 1920 Sic
1106 1867 1220 1937 denique

169 1995 195 2038 et
207 1987 267 2039 aliae
280 1987 392 2038 virtutes
406 2003 495 2038 cursus
510 2003 570 2038 suos
583 1993 685 2038 tantum
699 2003 847 2048 excurrere,
861 1986 973 2039 sednon
987 1995 1164 2039 transcurrere
1177 1987 1224 2039 de·

168 2106 242 2158 bent.
287 2104 430 2156 Constituti
452 2112 513 2156 sunt
533 2103 566 2156 iis
587 2104 699 2168 termini,
726 2105 771 2174 qui
792 2105 922 2174 praeteriri
941 2123 995 2158 non
1013 2113 1145 2175 poterunt.
1183 2107 1240 2158 Atx

166 2227 267 2279 caritas
281 2243 363 2294 usque
375 2223 410 2275 ad
422 2224 527 2288 coelum,
543 2225 623 2276 immo
637 2232 663 2276 et
675 2243 755 2295 supra
768 2225 874 2289 coelum,
888 2225 970 2278 veluti
990 2226 1033 2277 cui
1051 2226 1095 2278 lex
1115 2234 1222 2278 nonest

168 2346 263 2416 posita,
278 2344 439 2408 conscendit,
448 2361 531 2414 usque
541 2343 576 2396 ad
585 2345 717 2398 infernum
728 2353 754 2396 et
764 2346 843 2398 etiam
856 2345 884 2398 in
897 2346 1002 2398 inferno
1010 2347 1068 2416 ipso
1077 2344 1220 2416 aliquando

170 2465 314 2530 descendit,
328 2466 426 2518 amicos
439 2465 614 2535 amplectitur,
629 2483 677 2517 nec
690 2467 724 2517 ab
736 2465 852 2518 inimicis
870 2473 982 2517 arcetur.
1020 2467 1109 2524 Quum
1130 2483 1158 2517 se
1177 2482 1222 2517 ex-

171 2588 264 2653 tendit,
278 2605 333 2640 non
346 2587 467 2652 laeditur;
488 2603 569 2656 quum
592 2605 619 2639 se
639 2585 847 2656 superextendit,
861 2604 915 2638 non
934 2587 1074 2655 rumpitur.
1113 2585 1222 2655 Semper

170 2709 273 2774 crescit,
298 2725 437 2778 nunquam
462 2707 582 2770 senescit,
608 2706 671 2759 anni
697 2706 752 2776 ejus
776 2722 831 2758 non
856 2704 984 2758 deficiunt
1006 2705 1053 2758 sed
1072 2704 1220 2776 proficiunt.

174 2829 454 2902 eroenim‡vetustior,
468 2830 549 2882 immo
559 2829 715 2892 diuturnior,
724 2845 810 2898 neque
820 2828 891 2880 enim
899 2827 1047 2891 veterascit,
1059 2845 1090 2879 eo
1098 2827 1183 2880 carior
1195 2835 1222 2880 et

171 2953 275 3016 clarior,
284 2951 484 3006 etsicutvinum
494 2950 591 3003 Libani
604 2967 707 3019 semper
716 2954 837 3013 novatur,
848 2965 951 3017 semper
971 2946 1142 3011 confortatur,
1154 2964 1222 3000 sem-

172 3092 220 3144 per
233 3073 390 3126 cumrdatur.
427 3069 507 3123 Vires
518 3087 622 3138 semper
634 3073 803 3130 accrescunt;
824 3065 977 3135 splendores
994 3065 1073 3117 faciei
1085 3063 1141 3135 ejus
1154 3081 1223 3116 nun-

172 3213 252 3266 quam
265 3193 449 3246 deflorescunt.
487 3189 651 3243 Ovirtutum
669 3188 758 3252 virtus,
773 3205 878 3258 semper
898 3187 926 3238 in
948 3204 990 3238 me
1011 3187 1048 3238 sie
1068 3185 1181 3239 excedas
1193 3192 1224 3238 ut

172 3333 310 3386 nunquam
322 3313 450 3368 discedas.
488 3312 549 3364 Non
562 3310 626 3364 sinis
641 3309 776 3375 decedere,
791 3308 819 3360 in
834 3326 886 3378 quo
899 3306 1018 3378 dignaris
1036 3315 1121 3360 certos
1134 3323 1223 3360 excas·

171 3457 202 3492 us
226 3455 324 3491 creare.
374 3435 417 3488 Sic
443 3433 517 3488 novit
541 3431 676 3504 apostolus
697 3439 786 3485 mente
808 3430 937 3483 excedere
956 3438 983 3482 et
998 3429 1095 3484 coelum
1115 3428 1221 3481 tertium

172 3567 327 3631 penetrare3
342 3557 379 3609 sic
402 3556 532 3628 propheta
553 3555 580 3607 in
593 3571 703 3606 excessu
723 3551 819 3604 mentis
842 3568 921 3620 supra
941 3549 1077 3603 hominem
1097 3550 1130 3603 de
1153 3549 1222 3603 coelo

171 3679 277 3734 sentire.
315 3677 373 3729 Prae
387 3686 492 3746 stupore
508 3675 599 3726 Petrus
622 3674 649 3726 in
672 3670 883 3724 consideratione
902 3668 1059 3739 glorificatae
1077 3667 1224 3739 majestatis

172 3802 209 3856 sic
221 3805 378 3864 excesserat,
394 3815 476 3868 quum
489 3795 594 3848 dicebat
607 3793 745 3846 Faciamus
756 3790 803 3843 hic
816 3791 867 3843 tria
878 3789 1058 3853 tabernacula,
1070 3787 1118 3841 tibi
1129 3805 1222 3853 unum,

174 3921 214 3974 M.
234 3938 279 3973 un.
303 3926 328 3971 et
344 3917 395 3970 He.
413 3935 458 3968 un.
496 3912 617 3966 Secundo
634 3912 713 3965 etiam
725 3920 752 3964 et
763 3910 842 3962 tertio
863 3913 900 3962 sic
917 3909 1039 3975 excessit,
1054 3909 1096 3961 vel
1116 3907 1224 3979 quando

173 4042 307 4096 Christum
315 4057 369 4092 non
378 4035 585 4090 sustinensmori
598 4033 670 4098 dicit,
682 4031 784 4084 Absita
796 4038 831 4096 te,
844 4030 973 4084 Domine!
988 4042 1031 4083 vet
1044 4029 1151 4100 quando
1164 4028 1223 4080 abs·

172 4163 235 4218 cidit
242 4161 389 4216 auriculam
397 4158 473 4222 servi,
484 4163 510 4209 et
522 4155 601 4209 etiarn
614 4155 641 4206 in
656 4163 765 4223 captura
774 4151 887 4222 piscium
896 4167 979 4221 quum
991 4150 1063 4214 dicit,
1079 4149 1130 4201 Exi
1142 4166 1158 4200 a
1170 4165 1221 4210 me,
