3100 5192
580 530 736 583 Dnsvausrs
753 530 904 585 Errsrona:
1219 536 1266 586 145

210 685 317 758 pollere.
367 684 439 743 Quid
461 702 515 737 non
530 684 611 736 facist
623 684 702 748 enim,
723 684 774 737 nisi
795 685 892 754 quide
912 685 1086 755 nigrefactus
1108 692 1148 738 est
1168 686 1266 739 albus?

210 805 296 858 Credo
308 806 360 858 ista
371 788 465 858 doctus
485 811 512 857 et
525 804 634 857 edoctrrs
647 804 803 857 auctoritate
815 804 897 857 verbo
911 820 1018 874 quoque
1044 812 1070 857 et
1094 822 1187 858 sensus
1206 823 1266 859 ver-

209 926 305 978 borum
318 924 459 993 praesumis
471 923 631 993 quandoque
643 923 784 975 invertere.
820 923 996 993 Nigredinam
1017 932 1106 977 tamen
1127 925 1267 995 pristinam

209 1043 346 1095 somniasti
359 1042 456 1095 ubime
464 1059 481 1094 a
492 1042 604 1095 Claudio
616 1042 757 1095 dissentire
769 1043 876 1095 notasti.
889 1042 994 1113 Nempe
1002 1044 1166 1097 sermonibus
1177 1045 1267 1114 acqui-

211 1158 254 1210 svi
266 1166 293 1211 et
304 1158 444 1227 acquiesco
454 1158 524 1221 tuis;
536 1157 565 1209 in
576 1164 652 1227 porte
663 1157 813 1210 contradixi
827 1165 854 1211 et
866 1158 1026 1211 contradico.
1062 1159 1116 1211 Ubi
1125 1159 1195 1211 enim
1211 1174 1268 1213 cor·

209 1293 260 1347 pus
269 1276 366 1339 vivere,
376 1276 492 1329 animam
504 1275 603 1340 vivam,
618 1276 707 1329 Deum
717 1276 801 1329 vitam
811 1294 867 1330 csse
878 1276 995 1347 negavi?
1019 1277 1167 1347 Nusquam,
1189 1278 1267 1331 crede

211 1391 278 1444 mihi
286 1408 427 1461 nusquam.
439 1390 636 1443 Tantummodo
644 1390 716 1443 enim
725 1391 916 1460 assignationes
927 1392 1125 1461 proprietatum,
1134 1410 1200 1462 quas
1208 1394 1268 1447 sub-

210 1511 297 1583 junxi,
310 1512 400 1564 vivens
413 1509 526 1563 videlice
536 1516 583 1561 tex
595 1508 719 1572 vanitate,
732 1508 824 1560 vivum
837 1524 870 1559 ex
882 1507 1057 1578 simplicitate,
1070 1509 1151 1562 vitam
1164 1530 1198 1564 ex
1210 1513 1268 1565 uni·

213 1631 268 1677 tate
280 1639 422 1692 aggressus
433 1638 492 1674 sum
504 1618 707 1690 reprehendere.
719 1618 772 1670 Sed
785 1618 945 1671 monachum
957 1618 1041 1683 illurn,
1055 1620 1101 1690 qui
1113 1638 1173 1673 curn
1183 1622 1268 1675 amico

213 1742 242 1795 in
250 1742 369 1813 epistola
376 1749 431 1793 tua
438 1739 569 1811 principio
578 1737 757 1793 contendebat
765 1745 796 1791 ut
802 1738 923 1808 rejiciens
933 1738 1043 1809 hasjam
1051 1757 1106 1809 prae
1116 1740 1196 1793 taedio
1206 1742 1269 1795 emit

214 1868 271 1917 tere
285 1860 368 1913 audio
377 1877 464 1913 voces.
500 1858 599 1911 Utilius
613 1857 713 1927 (inquit
734 1860 820 1923 amor)
835 1856 950 1909 claustra
975 1858 1027 1910 oris
1040 1858 1267 1925 continuissemus,

216 1998 297 2051 quam
309 1978 477 2034 rescribendo
492 1985 532 2031 tot
551 1976 743 2030 exundantium
756 1976 870 2045 impetus
892 1983 1038 2029 torrentum
1060 1978 1268 2031 incurrissemus.

216 2099 380 2153 Redundant
392 2097 464 2150 eninr
476 2102 612 2158 torrentes,
628 2094 767 2158 vanitates,
781 2101 808 2146 et
820 2092 951 2145 distillant
963 2094 997 2145 ab
1019 2112 1063 2147 ore
1085 2094 1163 2146 amici
1187 2098 1270 2149 nostri

213 2235 350 2272 sermones
362 2214 504 2286 superfluae
528 2212 698 2286 gamilitotis.
722 2211 806 2263 Totus
828 2211 937 2281 profluit
957 2218 983 2263 et
996 2212 1137 2282 pereffluit.
1163 2213 1273 2267 Silentia

215 2340 306 2387 nostra
329 2330 475 2393 confundit,
497 2327 696 2382 consuetudinis
708 2334 807 2379 nostras
825 2344 925 2381 morem
940 2335 966 2379 et
977 2328 1097 2380 ordinem
1120 2330 1269 2395 conturbat,

217 2458 245 2503 et
269 2448 407 2503 concutit:
436 2448 471 2500 ad
491 2462 621 2516 pomposa
645 2453 672 2495 et
695 2444 830 2513 superflua
855 2461 970 2513 quaeque
988 2445 1158 2513 improbitate
1180 2464 1228 2498 sua
1250 2448 1273 2498 si

216 2567 427 2639 acquieverimus
438 2571 574 2636 provocat,
588 2570 615 2615 et
628 2561 736 2615 attrahit
750 2580 755 2613 :
774 2561 899 2631 deinceps
912 2562 1001 2631 itaque
1011 2563 1067 2631 jam
1082 2562 1136 2616 noli
1150 2563 1271 2616 scribere.

653 3159 835 3212 EXPLICIT.
