3100 5192
480 549 808 601 DravsusrsEsrsroam.
972 544 1042 583 ”--
1151 550 1200 597 129

147 704 279 759 enuntiat.
308 706 328 759 vJ
331 722 429 758 oannes
442 703 605 773 evangelista
622 703 648 755 in
662 720 704 754 me
717 718 851 771 regressus
863 717 879 753 a
892 701 959 754 cella
971 701 1071 754 vinaria
1085 702 1204 755 exfoeca-

150 834 210 879 tum
219 825 296 879 nobis
320 827 409 877 vinum
431 824 561 895 propinat,
583 822 616 873 ln
636 822 775 892 principio,
797 821 929 891 inquiens,
947 828 1002 873 erat
1023 820 1132 896 uerbum
1153 830 1204 874 etc.

152 946 224 998 Ecce
236 964 283 998 vas
295 945 322 997 in
335 945 473 997 honorem.
517 943 589 996 Vasa
600 959 705 1011 quoque
728 940 801 995 stulti
822 941 946 1011 pastoris,
962 958 1026 993 vasa
1038 949 1100 993 sunt
1114 948 1207 1009 contu-

152 1066 251 1131 meliae,
264 1066 396 1135 inquibus
408 1065 464 1120 viui
475 1081 553 1134 sapor
565 1063 592 1115 in
603 1080 724 1133 saporem
734 1062 846 1115 vertitur
857 1063 934 1115 aceti.
954 1062 1022 1115 Haec
1036 1060 1210 1115 exsufflantur

151 1203 169 1239 a
182 1204 276 1239 mensa
289 1187 366 1255 regis,
379 1186 441 1255 quia
452 1185 579 1237 inflantur
592 1184 702 1236 seientia
715 1183 809 1235 carnis.
839 1182 915 1245 Haec,
929 1181 1046 1251 inquam,
1059 1200 1106 1251 per
1119 1198 1208 1251 super-

147 1306 222 1357 biam
234 1305 369 1369 inflantur,
382 1323 429 1375 per
441 1304 568 1357 invidiam
580 1303 721 1368 siccantur,
735 1320 784 1373 per
795 1303 862 1355 iram
882 1309 999 1372 crepant,
1012 1320 1060 1371 per
1076 1300 1205 1355 accidiam

152 1424 322 1495 franguntur,
336 1442 384 1493 per
396 1424 533 1476 avaritiam
548 1422 744 1492 disperguntur,
753 1440 801 1492 per
815 1421 905 1491 gulam
915 1420 1076 1485 inficiuntur,
1090 1438 1137 1489 per
1149 1420 1208 1473 lux·

151 1542 239 1594 uriam
251 1542 446 1605 conculcantur,
460 1549 487 1593 et
498 1542 526 1593 in
537 1541 622 1593 lutum
639 1541 802 1609 rediguntur.

196 2021 240 2069 56.
271 2016 325 2069 AD
345 2015 526 2067 FUTURUM
544 2015 720 2067 SANCTUM
739 2014 770 2066 T.
790 2015 1085 2067 CANCELLARIUM
1106 2016 1214 2069 REGIS

618 2134 782 2187 ANGLIAE.

199 2253 313 2306 Douma
341 2270 374 2305 ar
393 2271 476 2307 turco
495 2272 543 2306 suo
569 2272 709 2306 cssrssrsro
734 2254 765 2305 Τ.
786 2266 973 2305 causasarum
1001 2271 1079 2305 sacis
1099 2254 1216 2305 Ausara

166 2391 272 2426 suarna
290 2374 320 2425 P,
339 2392 438 2426 saurus
456 2393 597 2427 ssavoauu
618 2376 672 2428 Dar
691 2393 724 2427 ar
744 2380 773 2427 sa
793 2392 825 2427 ar
846 2393 902 2426 sos.

204 2496 291 2553 Quem
303 2496 411 2547 fortuna
423 2513 476 2547 non
490 2494 593 2547 extollit
603 2513 737 2565 prospera,
759 2495 844 2563 magis
860 2512 907 2564 pro
919 2494 1068 2547 humilitate
1083 2512 1162 2564 quam
1175 2511 1223 2563 pro

165 2614 328 2667 sublimitate
341 2623 380 2668 est
389 2614 570 2669 admirandus.
602 2614 693 2666 Gloria
702 2614 729 2666 in
739 2614 815 2667 vobis
829 2632 889 2666 cum
897 2615 1078 2684 prosperitate,
1091 2622 1122 2666 ut
1128 2613 1222 2684 accepi

165 2735 200 2787 ab
212 2734 252 2788 his
272 2738 318 2805 qui
330 2735 462 2800 viderunt,
475 2744 502 2787 et
521 2736 688 2788 ambitiosius
708 2752 787 2805 quam
802 2735 991 2789 contentiosius
1011 2735 1155 2799 contendit,
1167 2752 1217 2787 nec

165 2854 306 2927 confundit
318 2855 462 2926 aliquando
474 2863 605 2925 superata,
618 2872 669 2907 uec
681 2872 801 2925 unquam
809 2855 942 2909 insolescit
954 2856 987 2909 de
1005 2855 1122 2910 victoria.
1148 2856 1225 2909 Cedit

168 2972 254 3042 gloria
265 2974 442 3043 prosperitati,
456 2974 503 3027 sed
525 2974 638 3044 gloriose
655 2974 725 3027 cedit
743 2975 903 3044 prosperitas
913 2975 1013 3043 gloriae,
1029 2975 1075 3027 sed
1087 2992 1222 3044 prospere.

166 3091 301 3150 Quaelibet
313 3091 431 3160 obtineat
444 3093 619 3146 bumilitatem
632 3112 679 3145 seu
690 3094 906 3157 moderationem,
921 3111 974 3147 non
990 3101 1118 3163 amputat.
1158 3094 1221 3146 Glo-

169 3210 209 3263 ria
222 3212 333 3277 aocedit,
345 3229 400 3265 non
420 3214 549 3283 superbia,
562 3215 721 3284 prosperitas
738 3215 819 3279 venit,
836 3214 948 3266 sednon
967 3214 1062 3267 effusa.
1103 3212 1170 3265 lude
1186 3223 1226 3267 est

169 3329 241 3398 quod
250 3330 283 3384 da
296 3333 366 3384 nube
378 3340 460 3385 tantae
471 3333 640 3386 sublimitatis
653 3334 687 3386 ad
699 3334 840 3386 latibulum
854 3342 954 3387 nostrae
967 3334 1129 3405 paupertatis
1142 3333 1225 3386 misis-

169 3448 213 3513 tis,
232 3450 296 3518 quia
316 3452 406 3504 venire
425 3470 479 3504 non
499 3454 632 3522 potuistis.
669 3454 781 3523 Rogatis
803 3454 835 3506 de
857 3454 1036 3507 familiaritate
1057 3462 1084 3507 et
1106 3455 1220 3510 amicitia

169 3564 242 3634 quod
252 3567 360 3634 rogatis,
372 3569 395 3619 si
414 3568 595 3632 admitteretis,
615 3571 783 3622 admirationi
803 3572 979 3641 proculdubio
991 3573 1144 3625 habendum
1157 3583 1226 3626 esset

154 3701 223 3752 ,pro
234 3684 361 3753 inaequali
381 3686 500 3753 rogantis
511 3695 538 3738 et
548 3688 633 3754 rogati
652 3688 768 3741 fortuna.
805 3691 873 3748 Quae
890 3692 961 3743 enim
982 3692 1234 3761 proportionalitatis

177 3800 306 3854 habitudo
316 3803 385 3855 iuter
395 3802 519 3856 abbatem
531 3803 679 3858 Cellensem
692 3815 718 3859 et
729 3808 922 3861 cancellarium
933 3810 1009 3891 regis·
1017 3809 1142 3878 Angliaet
1161 3810 1232 3863 Perre

179 3938 233 3973 uon
247 3928 287 3972 est
301 3922 470 3991 comparatio,
486 3924 532 3975 ubi
548 3941 603 3975 non
617 3933 657 3977 est
676 3926 878 3980 existimationis
903 3930 1045 3998 adaptatio.
1083 3930 1234 3981 Secundum
1324 3960 1325 3965 =

175 4047 240 4111 post
253 4058 343 4109 regem
364 4050 477 4109 quatuor
498 4060 640 4111 regnorum
664 4045 768 4113 quista
791 4047 918 4115 ignorat?
937 4046 1055 4099 Primum
1077 4048 1104 4098 in
1128 4046 1238 4098 miseriis

178 4164 292 4214 fratrum
314 4168 463 4214 nostrorum
475 4160 539 4230 ¹quis
560 4179 602 4213 me
617 4180 670 4216 non
684 4165 808 4233 reputat?
828 4166 922 4218 Dicam
942 4164 974 4217 de
990 4164 1162 4236 compendio:
1178 4164 1241 4234 quia
