3100 5192
339 509 373 561 58
780 510 813 560 G.
834 513 954 562 Anseris

338 686 354 718 a
367 665 426 718 Deo
438 681 555 734 separas.
592 661 664 724 Quid
676 665 724 718 tibi
737 675 764 718 et
775 665 871 718 nobis?
889 665 986 736 Cepisti
999 672 1025 716 et
1037 665 1172 735 decepisti,
1187 664 1299 717 sednon
1316 683 1397 718 rece·

337 788 408 858 pisti.
446 787 498 847 Qui
511 786 583 839 enim
595 785 667 849 fecit,
680 785 736 857 ipse
748 785 902 856 recipiendo
913 786 1021 856 recepit,
1059 785 1185 839 Seductor
1203 786 1291 856 igitur,
1306 787 1390 840 caris-

337 908 411 972 sime,
425 906 558 959 cavendus
571 913 610 959 est
622 914 649 958 et
659 906 755 976 laqueo
768 923 815 959 suo
828 903 971 976 capiendus
984 913 1010 958 et
1021 905 1112 976 gladio
1124 923 1171 958 suo
1180 905 1392 959 detruncandus.

337 1030 410 1082 Sicut
422 1028 485 1081 fecit
496 1027 580 1092 nobis,
594 1027 632 1081 sic
643 1027 772 1080 faciamus
784 1026 832 1079 illi.
869 1025 897 1078 Si
908 1025 1008 1079 malum
1027 1034 1066 1080 est
1086 1045 1143 1080 esse
1154 1027 1325 1093 homicidam,
1340 1028 1391 1081 sed

336 1168 389 1202 non
402 1148 598 1202 diabolicidam.
634 1149 721 1219 Caput
733 1165 796 1217 ergo
808 1149 865 1218 ejus
875 1151 989 1212 contere,
1004 1145 1116 1200 caudam
1137 1146 1314 1218 apprehende,
1330 1167 1390 1202 cor·

334 1287 385 1339 pus
397 1268 514 1321 medium
526 1266 626 1333 scinde,
640 1267 714 1319 etsie
727 1285 836 1337 vespere
848 1276 874 1319 et
885 1283 964 1320 mane
977 1275 1004 1320 et
1018 1267 1127 1320 meridie
1145 1267 1263 1320 narrabis
1275 1267 1303 1320 in
1323 1287 1390 1322 con·

334 1388 457 1452 sessione,
471 1387 642 1440 annuntiabis
653 1388 682 1439 in
694 1386 882 1452 satisfactione,
897 1385 1046 1440 exaudieris
1058 1386 1086 1438 in
1099 1387 1224 1440 oratione.
1262 1387 1387 1460 Sophista

334 1509 384 1561 iste
395 1508 465 1560 male
476 1509 607 1579 proponit,
621 1507 696 1578 pejus
709 1507 824 1572 assumit,
838 1507 951 1578 pessime
964 1505 1104 1571 concludit,
1116 1508 1282 1577 suggerendo
1300 1525 1386 1578 prava

333 1629 465 1699 proponit,
478 1629 513 1681 ad
525 1628 728 1681 delectationem
740 1627 870 1681 trahendo
882 1628 1000 1692 assumit,
1014 1629 1041 1680 in
1059 1645 1216 1682 consensum
1234 1627 1384 1701 dejiciendo

335 1747 476 1800 concludit.
512 1748 540 1799 Si
552 1748 642 1817 itaque
655 1748 852 1816 suggestionem
873 1746 1017 1817 prudenter
1037 1747 1188 1819 praevidens
1209 1756 1282 1802 scuto
1301 1766 1386 1800 sacrae

333 1866 505 1919 institutionis
514 1866 661 1937 propuleris
669 1865 983 1930 delectationem,fortiter
992 1867 1145 1919 memoriam
1153 1867 1282 1937 passionis
1290 1867 1390 1922 (ibristi

333 1952 487 2050 escussaris,
498 2004 655 2039 consensum
669 1993 822 2039 constanter
834 1985 927 2037 timore
940 1994 966 2038 et
975 2003 1063 2039 amore
1076 1987 1128 2040 Dei
1139 1988 1286 2056 negaveris,
1297 1987 1385 2040 tendi-

332 2111 405 2162 culas
418 2111 474 2180 ejus
488 2119 615 2180 tanquam
634 2109 680 2160 fila
700 2127 856 2161 aranearum
876 2109 1042 2179 abrumpens,
1057 2109 1222 2164 coronaberis
1242 2110 1275 2162 de
1298 2109 1383 2180 capite

332 2232 446 2294 Amana,
460 2230 493 2281 dc
505 2230 603 2281 vertice
616 2229 693 2281 Sanir
705 2238 731 2280 et
745 2229 872 2281 Hermon.

700 2600 734 2648 26
759 2595 1011 2648 HORTATORIA.

681 2716 736 2766 Suo
755 2714 788 2766 lt.
808 2715 890 2767 Cana.
910 2733 975 2766 suus
995 2715 1028 2766 G.

366 2832 528 2889 soletnimia
537 2832 670 2884 festinatio
678 2833 757 2884 etiam
765 2833 914 2884 semicruda
923 2834 998 2902 quasi
1003 2833 1059 2904 jam
1069 2834 1137 2887 bene
1148 2841 1222 2886 cocta
1229 2851 1286 2904 prae
1300 2833 1384 2886 nimio

330 2954 448 3025 appetitu
460 2954 592 3008 insumere
605 2962 632 3007 et
644 2962 772 3025 tanquam
785 2954 862 3007 famis
875 2955 1061 3008 necessitatem
1072 2955 1206 3010 interdum
1223 2964 1381 3026 temperare.

329 3076 416 3130 Instas
424 3085 450 3129 et
460 3077 556 3130 ostium
564 3076 642 3129 amici
652 3077 809 3129 necessitate
818 3077 927 3148 hospitis
935 3075 1152 3146 ,supervenientis
1164 3076 1314 3145 inquietare
1327 3091 1380 3127 non

327 3216 422 3250 cessas.
459 3198 545 3250 Credo
557 3198 645 3268 potius
658 3216 691 3250 ex
701 3198 877 3252 crassitudine
889 3197 986 3249 animae
999 3215 1079 3266 quam
1099 3214 1132 3249 err
1148 3197 1296 3250 necessaria
1313 3213 1378 3266 pau-

325 3325 428 3388 pertate
440 3316 469 3367 id
481 3325 507 3369 te
520 3317 637 3383 actitare,
646 3325 677 3368 ut
688 3334 774 3386 neque
783 3316 1027 3387 importunitatibus
1040 3316 1092 3368 tuis
1104 3316 1291 3386 occupationes
1311 3333 1378 3368 meae

324 3437 489 3491 satisfaciant
500 3455 586 3507 neque
599 3437 730 3490 voluntati
738 3446 792 3490 tuae
801 3438 932 3490 sollennes
939 3437 997 3490 istae
1004 3437 1078 3491 feriae
1087 3438 1221 3491 silentium
1229 3439 1376 3509 imponant.

323 3559 395 3618 Quid
407 3558 505 3629 igitur?
523 3558 654 3630 Experior
665 3577 737 3612 nuuc
750 3559 823 3628 quod
835 3558 862 3610 in
883 3557 954 3611 Isaia
970 3561 1028 3630 jam
1049 3567 1110 3611 aute
1136 3559 1269 3629 legeram:
1290 3558 1376 3611 Vene-

322 3691 385 3735 runt
403 3682 452 3733 filii
470 3699 554 3751 usque
575 3681 609 3733 ad
626 3689 731 3751 partum
750 3689 776 3732 et
794 3689 899 3751 tempus
918 3679 973 3733 sive
992 3679 1075 3732 virtus
1098 3679 1220 3750 pariendi
1244 3697 1300 3732 non
1327 3685 1373 3730 est.

321 3801 415 3853 AEstuo
433 3801 565 3870 siquidem
583 3801 645 3851 novi
664 3800 742 3852 amici
760 3818 858 3852 novam
877 3809 903 3852 et
920 3800 1034 3870 primam
1060 3801 1263 3870 promissionem
1287 3799 1368 3852 adim·

318 3921 398 3992 plere,
409 3920 455 3971 sed
465 3919 701 3972 contradicentium
711 3920 870 3989 irruptiones
880 3919 923 3972 vix
937 3919 1013 3972 valeo
1025 3919 1161 3990 mitigare.
1199 3919 1266 3979 Quis
1279 3919 1367 3987 itaque

320 4061 336 4094 a
354 4059 408 4111 quo
426 4040 468 4093 vel
488 4039 551 4110 quid
569 4047 643 4109 petas
662 4039 726 4091 mihi
745 4039 923 4092 consideranti
943 4039 1022 4092 offert
1038 4039 1105 4094 ratio
1135 4039 1269 4109 copiosam
1293 4039 1374 4091 fortu-

320 4181 381 4214 nam
407 4161 536 4233 petitoriis
563 4159 707 4232 pauperem
731 4159 877 4258 postulanti
907 4158 1094 4212 difficultatem
1119 4159 1263 4229 petitionis.
1309 4155 1373 4216 Quis
