3100 5192
332 702 367 756 κ
444 746 449 760 .
755 717 780 752 a.
817 715 931 752 sesam

333 846 486 913 expectaret
497 839 587 894 anima
597 855 666 905 mea,
681 855 760 910 quam
772 838 898 910 reliquias
910 839 1000 905 faecis,
1021 854 1091 909 quae
1099 839 1240 893 subsidunt
1251 837 1280 894 in
1293 841 1385 907 calice,

336 960 382 1034 qui
403 969 442 1015 est
459 961 487 1014 in
500 977 582 1016 manu
594 959 702 1014 Domini
716 959 781 1025 vivi,
799 978 837 1014 m.
853 978 880 1031 p.
900 960 992 1013 mixto.

405 1080 543 1154 Reliquias
562 1081 736 1154 prandiorum
758 1089 873 1146 tuorum,
888 1080 1002 1134 Domine
1020 1081 1093 1146 Jesn,
1126 1083 1239 1153 suspiro.
1287 1083 1390 1138 Venter

329 1220 404 1258 meus
416 1205 516 1274 absque
523 1170 661 1274 'spiraculo
680 1167 713 1256 du
727 1211 814 1256 totum
832 1219 860 1255 se
873 1202 1009 1274 expandit,
1022 1211 1050 1255 et
1061 1171 1182 1256 deinicis
1194 1205 1249 1257 sive
1273 1204 1307 1257 de
1323 1204 1384 1258 reli·

332 1322 401 1394 quiis
413 1323 466 1378 tuis
478 1323 575 1395 repleri
581 1322 695 1424 pppetit
715 1322 786 1394 Opto
799 1339 905 1393 quoque
917 1339 934 1374 a
942 1323 1071 1393 sangnine
1084 1325 1187 1394 peccati
1196 1325 1326 1395 sanguine
1339 1334 1386 1378 tuo

331 1441 475 1549 mundari..
500 1441 572 1516 Opto
583 1441 662 1498 lineis
670 1442 733 1508 tuis,
754 1441 829 1508 Jeeu,
850 1442 961 1498 vestiris
980 1443 1076 1513 quibus
1087 1444 1116 1497 iu
1137 1445 1219 1498 sacris
1238 1445 1386 1500 visceribus

331 1563 456 1636 virgineis
467 1563 616 1635 insignitus:
629 1561 665 1618 ad
676 1560 828 1617 offerendas
838 1579 887 1634 pro
898 1561 975 1616 nohis
995 1579 1088 1634 preces
1103 1572 1130 1618 et
1145 1580 1257 1619 munera
1279 1582 1385 1636 proces·

337 1684 402 1738 sisti.
439 1683 519 1738 Hanc
531 1659 726 1738 dacrosanctam
739 1651 900 1737 dblationem
910 1683 939 1735 in
952 1699 1027 1736 sacro
1040 1700 1134 1737 coenae
1146 1685 1268 1738 convivio
1277 1655 1388 1752 daudati,

333 1806 362 1858 in
375 1822 456 1860 cruce
466 1804 628 1870 conscidisti,
641 1804 668 1857 in
681 1803 872 1858 resurrectione
885 1805 1040 1857 innovatam
1059 1791 1272 1876 resumpsisti'in
1293 1824 1385 1860 ascen·

333 1925 407 1978 sione
418 1924 535 1978 vultibus
547 1923 665 1996 paternis
676 1923 704 1976 in
716 1923 931 1995 propitiationem
943 1932 1062 1978 nostram
1072 1923 1283 1996 repraesentasti.
1311 1925 1387 1983 Lava

331 2062 374 2100 me
386 2061 403 2100 a
414 2044 544 2110 sordibus,
564 2061 629 2098 sana
641 2061 657 2098 a
674 2043 817 2108 doloribus,
830 2043 973 2097 mundator
982 2063 1009 2098 es
1021 2043 1141 2098 filiorum
1153 2043 1227 2109 Levi,
1245 2023 1386 2117 ieparator

332 2166 452 2220 liliorum
479 2165 539 2219 Dei.
577 2165 657 2226 Quod
678 2163 700 2218 si
719 2181 829 2218 manum
844 2167 903 2236 jam
926 2165 1106 2234 glorificatam
1126 2165 1329 2221 clementissime
1350 2168 1386 2223 ad

336 2295 391 2342 tana
424 2285 544 2340 tdcerosa
565 2285 661 2341 officia
688 2286 817 2340 inclinare
842 2293 950 2356 propter
969 2284 1120 2339 defluentes
1142 2285 1242 2356 aegroti
1257 2279 1387 2344 ‘adduas

331 2375 585 2462 lrheumatizationes
597 2407 705 2479 refugis,
722 2407 805 2460 habes
826 2405 905 2458 aliam
918 2421 1027 2459 manum
1048 2404 1199 2460 inferiorem
1218 2407 1326 2478 quidem
1339 2410 1386 2464 sed

335 2528 404 2580 bene
417 2526 531 2594 doctam,
546 2527 593 2581 sed
605 2528 668 2581 satis
679 2528 761 2599 piam,
774 2525 821 2579 sed
834 2526 947 2579 multum
960 2525 1111 2597 gratiosam,
1125 2527 1173 2582 sed
1184 2527 1296 2583 similem
1308 2530 1386 2584 nobis
1422 2536 1426 2541 ’

323 2623 489 2718 passibilem.
526 2648 576 2702 Cui
588 2648 611 2702 si
624 2647 734 2712 dederis,
757 2647 840 2700 immo
861 2646 884 2700 si
894 2648 1013 2718 jusseris,
1026 2647 1105 2701 facile
1124 2648 1217 2702 foedes
1229 2649 1379 2704 curationes

330 2767 479 2822 animamur
490 2737 738 2840 nobisp'iropinabit.
776 2766 977 2820 cluniacensem
1003 2775 1078 2819 tuum
1098 2767 1200 2837 loquor,
1222 2769 1265 2821 cui
1285 2769 1384 2826 dedisti

331 2887 360 2942 in
373 2887 452 2943 corde
465 2889 632 2960 sapientiem,
657 2888 740 2943 inore
763 2885 924 2950 facundiam,
942 2885 970 2938 ia
992 2903 1113 2940 sermone
1131 2887 1253 2957 gratim,
1268 2888 1296 2942 in
1308 2850 1385 2946 vultu

329 3009 520 3076 auctoritatem,
533 3010 562 3063 in
577 3009 730 3082 operatione
742 3008 875 3074 virtutem,
887 2965 1065 3062 inintellecta
1071 2971 1258 3064 iubtilitatem.
1278 3011 1383 3066 Dedisti

331 3131 503 3187 cilicentiam
526 3139 557 3186 ut
576 3131 723 3184 secundum
747 3139 888 3184 cortuum
918 3138 1041 3199 operetur
1070 3138 1097 3182 et
1118 3129 1297 3184 laborantium
1326 3132 1388 3187 offi-

328 3252 401 3307 cinas
434 3253 567 3322 ingressus
607 3250 730 3304 manibus
763 3251 816 3303 tuis
845 3214 1001 3302 confectam!
1014 3248 1188 3346 medicinam,
1209 3267 1258 3321 pro
1297 3255 1384 3325 cujus·

329 3391 380 3446 qne
392 3370 542 3426 valetudine
555 3369 689 3441 dispenset
699 3367 822 3432 fideliter,
836 3376 863 3421 et
878 3367 1017 3421 minimum
1032 3368 1126 3438 matie
1141 3387 1190 3442 pro
1205 3371 1291 3441 gratia
1305 3391 1385 3446 opere

326 3499 528 3575 &putationis
538 3505 662 3571 reportet

399 3622 524 3680 Gravaris
533 3621 648 3694 quidem,
662 3619 768 3675 domine
779 3627 806 3673 et
813 3628 890 3692 pater
897 3619 1038 3686 sumine,
1047 3621 1075 3676 in
1094 3620 1146 3678 hac
1155 3622 1382 3679 administratione

327 3753 410 3802 unta
422 3743 607 3808 multitudinis,
620 3750 675 3796 tam
688 3741 814 3814 speciosis
825 3740 994 3807 discursibus,
1004 3752 1035 3796 ut
1044 3742 1125 3799 modo
1136 3743 1171 3798 ad
1179 3745 1248 3799 fines
1257 3745 1383 3800 coelorum

328 3867 448 3924 cunum
467 3866 553 3936 igneis
570 3881 660 3920 amore
679 3864 756 3920 avido
776 3863 950 3930 conscendas,
970 3865 1051 3920 modo
1071 3865 1106 3919 ad
1117 3875 1202 3921 terrae
1220 3866 1345 3923 inferiora
1357 3875 1385 3921 et

328 3997 418 4064 partes
429 3988 538 4044 trltirnas
550 3987 727 4044 sollicitudine
739 3988 841 4062 populi,
853 3971 931 4060 proni
943 3987 971 4041 in
984 3987 1115 4043 culturam
1127 3989 1203 4044 vituli
1222 3990 1384 4046 comedentis

331 4106 443 4175 tenum,
456 4109 573 4166 resilias:
583 4109 663 4168 modo
675 4119 729 4166 tam
741 4109 843 4184 procul,
850 4108 1083 4183 modotamprope
1092 4129 1099 4163 z
1108 4110 1188 4165 modo
1200 4129 1280 4184 snpra
1290 4111 1384 4175 nubes,

327 4230 407 4286 modo
421 4231 501 4304 juxta
519 4237 546 4284 at
563 4231 643 4284 etiam
661 4230 827 4336 iniraocives,
845 4228 925 4284 modo
940 4246 1020 4300 supra
1036 4230 1165 4301 spiritum,
1175 4230 1255 4284 modo
1270 4231 1377 4284 infrate

324 4351 414 4421 ipsum
439 4351 541 4419 cogaris
553 4358 579 4402 te
589 4349 678 4402 levare
695 4358 720 4402 et
735 4345 867 4418 deponere
873 4348 991 4414 liboras3
1012 4349 1058 4402 sed
1073 4351 1094 4402 si
1110 4369 1164 4404 non
1173 4367 1254 4413 ames,
1270 4351 1382 4413 laboras,
