3100 5192
554 526 713 579 Dnnvnusrs
725 540 870 577 anieron-rs.
1191 511 1241 565 117

183 684 377 738 vehementior.
412 682 472 736 'l’ali
492 682 572 737 odore
589 683 703 755 resperni
719 683 822 735 intrant
845 679 873 731 in
898 674 1072 732 tabernacula
1090 690 1147 736 sna,
1165 669 1243 740 quasi

184 812 302 856 turtures
313 801 487 855 solitudinum
500 808 527 853 et
539 801 670 854 columbae
682 807 820 871 gementes
839 797 874 850 ad
889 796 1020 848 fenestras
1039 808 1109 845 suas.
1148 787 1196 840 Est
1212 786 1241 839 in

186 922 256 973 cella
269 938 359 973 eorum
371 921 489 971 fenestra
500 917 644 981 orientalis,
658 926 698 970 est
709 925 737 969 et
748 914 928 978 occidentalis,
938 920 978 965 est
987 918 1014 964 et
1021 905 1243 979 septentrionalis.

183 1039 328 1093 Orientalis
341 1046 381 1091 est
393 1038 460 1091 fides
469 1056 530 1107 quoe
543 1038 658 1091 illustrat
669 1055 773 1090 summo
786 1036 904 1089 diluculo
916 1032 1012 1085 mentis
1024 1029 1200 1083 intentionem
1212 1026 1241 1077 in

184 1158 295 1211 civitate
319 1157 438 1221 Domini,
462 1157 491 1208 in
512 1155 644 1209 matutino
667 1172 715 1226 per
738 1153 934 1207 confessionem
976 1147 1141 1202 interficiens
1152 1161 1245 1198 omnen

185 1284 340 1349 peccatores
351 1284 441 1341 terrae,
449 1276 468 1329 i.
476 1294 499 1328 e.
509 1274 662 1345 fragilitatis
669 1274 804 1327 humanae.
842 1266 986 1340 Australis,
998 1269 1087 1321 fervor
1093 1264 1244 1321 dilectionis

191 1412 253 1465 quae
270 1394 415 1446 fenestram
438 1393 523 1463 sperit
546 1391 701 1445 Australem
725 1391 796 1443 circa
819 1390 912 1444 horam
936 1393 1042 1445 tertiam
1066 1389 1107 1442 vel
1132 1397 1244 1453 sextam,

187 1510 296 1580 quando
315 1517 343 1563 ct
358 1510 479 1562 Christus
491 1510 519 1561 in
532 1526 610 1561 cruce
623 1508 712 1560 omnia
724 1524 806 1578 opera
817 1513 907 1559 nostra
919 1514 1043 1576 operatus
1059 1513 1099 1558 est
1118 1505 1204 1570 nobis,
1219 1513 1246 1557 et

188 1630 297 1700 spiritua
322 1636 430 1680 sanctus
453 1627 614 1698 promissum
636 1626 685 1678 filii
710 1624 789 1677 solvit
812 1625 967 1694 Apostolus.
1004 1622 1184 1677 Occidentalis
1208 1631 1249 1675 est

189 1748 269 1801 timor
291 1747 415 1816 lapsuum
438 1754 465 1798 et
488 1744 668 1815 surreptionis
680 1742 827 1812 culparum,
853 1759 913 1811 quae
937 1743 1080 1795 fenestram
1104 1742 1190 1812 aperit
1213 1741 1248 1794 ad

188 1872 344 1934 vergentem
361 1872 389 1915 et
406 1862 546 1915 occiduum
563 1861 654 1925 solem,
677 1860 785 1931 quando
806 1860 894 1913 Adam
914 1861 1038 1913 inventus
1054 1868 1094 1913 est
1114 1860 1201 1911 nudus
1220 1867 1247 1910 et

191 1985 291 2054 ejectus
313 1983 346 2035 de
367 1981 501 2034 Paradiso.
523 1979 742 2049 septentrionalis
758 1988 799 2031 est
818 1980 897 2031 timor
911 1979 1007 2049 judicii
1028 1997 1088 2047 quae
1104 1979 1247 2061 fenestram

192 2102 279 2171 aperit
299 2098 534 2170 septentrionalem
553 2097 588 2149 ad
606 2096 703 2148 mediae
723 2096 809 2147 noctis
830 2096 976 2165 profundas
995 2097 1126 2160 tenebras,
1146 2096 1180 2148 de
1197 2112 1250 2165 qua

191 2219 309 2271 fenestra
320 2216 418 2286 trepidi
429 2223 456 2267 et
467 2232 484 2266 a
492 2232 555 2267 vero
566 2212 667 2265 lumine
679 2212 824 2264 illuminari
831 2211 982 2282 implorant,
992 2213 1088 2282 nequis
1101 2212 1252 2267 obdormiat

192 2336 221 2388 in
232 2343 353 2399 mortem,
375 2333 483 2404 quando
494 2332 671 2403 primogenita
685 2331 873 2401 AEgyptiomm
890 2332 975 2385 occisa
991 2341 1053 2385 sunt
1066 2341 1093 2385 et
1104 2332 1153 2385 filii
1166 2331 1249 2386 Israel

190 2454 225 2506 ad
243 2452 445 2506 sacrificandum
467 2450 539 2503 exire
561 2450 690 2519 compulsi
711 2459 783 2503 sunt.
822 2448 925 2503 Idcirco
947 2460 1010 2503 tunc
1031 2450 1065 2503 dc
1077 2457 1160 2503 strato
1173 2448 1248 2520 quasi

196 2573 315 2643 AEgypto
336 2570 498 2623 somniorum
519 2576 546 2621 et
564 2568 782 2638 phantasmatum
798 2574 917 2637 surgunt,
944 2574 972 2620 et
987 2567 1159 2638 egrediuntur
1179 2566 1250 2619 viam

197 2692 278 2743 trium
290 2691 394 2744 diemm
402 2691 431 2743 in
444 2690 497 2742 fide
508 2687 645 2741 Trinitatis
657 2688 719 2740 ituri
735 2696 762 2740 et
774 2688 833 2741 Deo
845 2688 941 2741 vitulos
952 2687 1091 2753 labiorum,
1105 2686 1250 2752 oculorum,

194 2809 303 2880 pedum,
317 2808 459 2874 cantando,
473 2806 614 2878 plorando,
623 2805 666 2858 vel
679 2806 823 2875 vigilando,
834 2813 861 2859 et
869 2805 971 2871 stando,
984 2805 1154 2860 immolaturi.
1180 2805 1251 2859 Vere

195 2944 312 2995 namque
322 2927 353 2979 hi
369 2934 432 2978 sunt
447 2934 547 2979 stantes
567 2925 595 2978 in
615 2925 688 2977 atriis
705 2924 882 2978 Hierusalem.
919 2925 973 2977 Vix
994 2924 1066 2977 enim
1083 2923 1204 2977 infirmus
1223 2924 1250 2976 in

192 3045 274 3098 choro
294 3043 378 3106 sedet,
391 3060 470 3095 sanus
491 3043 637 3107 rarissime;
657 3050 684 3095 ct
705 3042 769 3111 quia
789 3042 860 3113 coepi
880 3041 914 3094 de
929 3042 1009 3094 choro
1028 3042 1124 3105 dicere,
1146 3040 1251 3111 quidin

194 3170 283 3228 nocte,
298 3161 363 3231 quid
373 3161 402 3213 in
415 3160 458 3213 die
470 3161 577 3226 faciant,
591 3162 698 3231 quando
709 3161 879 3224 conveniunt,
889 3159 976 3212 dicere
988 3158 1058 3212 nolo.
1096 3159 1167 3212 Raro
1179 3159 1251 3213 enim

197 3279 361 3333 conveniunt
372 3278 401 3330 in
409 3277 461 3343 die,
471 3278 524 3331 nisi
532 3276 666 3331 admissas
675 3278 704 3331 in
712 3278 834 3331 omnibus
843 3277 997 3341 Dominicis,
1005 3277 1033 3329 in
1043 3276 1253 3347 Quadragesima

198 3407 261 3463 tota,
275 3398 387 3469 singulis
407 3397 508 3463 diebus,
521 3398 550 3451 in
569 3398 712 3469 praecipuis
733 3397 941 3463 solennitatibus,
962 3405 988 3450 ct
1009 3397 1116 3468 quando
1134 3413 1254 3467 praesens

199 3521 275 3574 adest
286 3521 405 3575 defuncti
414 3538 518 3591 corpus.
555 3521 720 3589 Quocunque
732 3528 822 3572 antem
834 3520 979 3583 occasione,
989 3519 1032 3571 vel
1041 3519 1254 3590 quandocunque

198 3640 239 3694 ibi
251 3641 423 3705 conveniunt,
446 3639 540 3692 videns
561 3657 605 3691 eos
620 3639 700 3708 plane
723 3638 828 3691 adstare
849 3637 1008 3690 dominatori
1019 3638 1153 3691 universae
1175 3646 1254 3691 terrae

199 3757 289 3810 vultus
301 3765 357 3810 tarn
369 3757 448 3821 fixus,
461 3755 554 3808 oculus
566 3762 621 3808 tam
633 3754 783 3824 depressus,
797 3761 886 3823 gestus
898 3760 953 3806 tam
969 3754 1155 3820 mortificatus;
1174 3754 1255 3808 homo

197 3876 314 3930 exterior
336 3882 407 3929 totus
427 3874 524 3927 divinis
542 3873 670 3927 intentus.
705 3872 777 3931 Quid
797 3872 926 3925 interior?
950 3873 1067 3926 Nescio:
1096 3874 1170 3927 Deus
1197 3872 1255 3925 scit.

198 3994 301 4048 Tamen
313 4011 362 4064 per
374 3994 503 4046 fenestras
516 4009 575 4045 suas
583 3990 727 4060 aliquando
739 3990 911 4060 prospiciens,
923 3990 1046 4060 perfusus
1057 3990 1149 4043 nescio
1161 3990 1258 4059 quibus

200 4112 341 4166 stillicidiis
366 4112 534 4166 humectatus
560 4119 680 4181 apparet.
733 4108 849 4163 Audires
875 4117 983 4179 pectora
1012 4127 1104 4163 eorum
1130 4116 1258 4179 tanquam
