3100 5192
332 487 366 537 82
532 506 538 523 ι
766 480 801 533 G.
822 481 943 532 Assnrrs

327 646 370 689 tus
381 635 522 699 debuisset,
533 634 629 687 oblitus
641 632 757 705 paxillos
774 650 857 689 aereos
868 634 1054 687 auctoritatum
1063 634 1159 687 veteris
1169 642 1195 687 et
1204 632 1281 689 funes
1290 653 1384 707 argen-

325 765 382 811 teos
393 756 457 809 novi
467 755 631 810 Testamenti
647 755 772 820 inserere,
788 755 864 826 quasi
884 754 975 825 clipeis
992 753 1137 807 denudavit
1154 755 1291 825 parietem.
1329 756 1382 810 Sed

326 883 356 929 ut
369 875 402 929 de
413 875 574 947 proprietate
588 874 667 948 hujus
683 875 800 929 nominis
820 892 881 945 quae
900 882 1042 929 occurrunt
1053 874 1081 927 in
1100 876 1210 929 instanti
1228 876 1380 941 edisseram,

327 996 467 1050 sciendum
479 1006 519 1050 est
531 996 603 1068 quod
615 996 720 1069 proprie
733 997 821 1067 imago
831 996 942 1049 relative
955 996 1052 1049 dicitur
1064 995 1098 1049 ad
1112 995 1185 1049 aliud
1198 997 1275 1067 cujus
1290 996 1383 1049 simili-

325 1116 446 1171 tudinem
459 1118 528 1188 gerit
542 1127 568 1171 et
580 1117 615 1172 ad
627 1118 698 1189 quod
710 1118 956 1189 repraesentandum
969 1117 1041 1171 lacta
1058 1125 1112 1170 est:
1132 1117 1201 1171 sicut
1218 1117 1307 1189 imago
1323 1119 1382 1174 Cae-

324 1236 391 1290 saris
409 1254 471 1306 quae
489 1236 575 1306 ipsius
593 1235 794 1291 similitudinem
812 1236 979 1307 praeferebat.
1017 1234 1165 1306 Improprie
1183 1244 1272 1289 autem
1289 1236 1381 1307 imago

327 1354 425 1407 dicitur
448 1354 476 1407 id
501 1355 535 1408 ad
560 1355 632 1425 quod
657 1355 732 1409 aliud
748 1355 794 1407 iit:
823 1355 890 1408 sicut
914 1356 1067 1426 exemplum
1087 1354 1159 1425 quod
1182 1356 1295 1408 sumitur
1318 1373 1382 1426 pro·

325 1474 383 1545 prie
401 1474 498 1527 dicitur
515 1477 677 1547 exemplum,
699 1476 835 1547 exemplar
856 1494 872 1528 a
893 1493 945 1546 quo
966 1476 1085 1540 sumitur,
1099 1482 1189 1528 tamen
1209 1475 1320 1529 abusive
1334 1474 1383 1529 ali-

328 1594 435 1663 quando
465 1596 578 1649 alterum
608 1615 656 1668 pro
682 1596 766 1649 altero
792 1597 908 1667 ponitur.
964 1595 1115 1649 Secundum
1141 1595 1221 1649 istam
1250 1595 1383 1649 rationem
1405 1664 1406 1667 Ἴ

327 1716 433 1786 proprie
456 1717 546 1787 imago
569 1719 652 1790 patris
670 1718 768 1772 dicitur
789 1717 867 1771 filius.
903 1718 988 1771 Juxta
1005 1716 1088 1770 alium
1106 1732 1171 1769 vero
1188 1715 1307 1780 modurn,
1327 1732 1382 1786 quo

327 1850 410 1887 unum
434 1852 532 1888 nomen
556 1854 604 1906 pro
628 1836 681 1889 alio
703 1836 818 1907 ponitur,
839 1836 935 1889 dicitur
952 1835 1033 1888 homo
1050 1836 1138 1906 imago
1157 1834 1208 1889 Dei
1226 1834 1290 1906 quia
1308 1834 1383 1889 vitle-

325 1954 389 2008 licet
412 1954 501 2025 imago
523 1954 574 2008 Dei
597 1956 624 2008 in
646 1973 678 2009 eo
699 1963 749 2008 est.
798 1955 872 2009 Sicut
891 1954 979 2025 imago
997 1954 1094 2008 dicitur
1110 1956 1202 2009 tabula
1216 1965 1243 2009 et
1260 1956 1380 2026 pictura:

326 2074 373 2129 sed
394 2084 502 2146 propter
524 2076 656 2147 picturam
675 2092 735 2146 quae
755 2082 797 2129 est
819 2075 847 2128 in
872 2092 904 2127 ea
925 2073 1049 2127 simulet
1072 2074 1163 2127 tabula
1181 2074 1270 2145 imago
1291 2076 1382 2146 appel·

325 2192 404 2256 latur,
423 2192 461 2243 ita
480 2202 586 2262 propter
604 2192 727 2261 imaginis
745 2191 883 2244 Trinitatis
908 2191 987 2244 etiam
1012 2192 1078 2244 illud
1102 2192 1129 2245 in
1155 2210 1207 2263 quo
1232 2201 1272 2245 est
1289 2194 1380 2263 imago

325 2310 449 2379 imaginis
466 2311 575 2363 nomine
594 2318 716 2376 vocatur3
735 2309 816 2363 horno
833 2310 922 2379 itaque
940 2309 1029 2380 imago
1048 2320 1075 2363 et
1093 2311 1127 2364 ad
1144 2311 1289 2381 imaginem
1307 2312 1380 2367 filius

327 2429 417 2499 imago
443 2446 496 2481 non
525 2428 559 2482 ad
582 2428 737 2499 imaginem}
773 2427 843 2481 Volo
866 2428 990 2498 denique,
1015 2428 1037 2481 si
1061 2429 1156 2499 placet,
1182 2438 1209 2482 et
1227 2430 1253 2483 in
1274 2448 1327 2500 quo
1346 2432 1381 2483 si·

317 2548 451 2603 militudo
471 2548 579 2602 differat
605 2548 638 2601 ab
656 2548 773 2619 imagine
798 2547 873 2601 brevi
893 2547 1016 2617 exemplo
1041 2546 1154 2618 signare.
1192 2545 1264 2601 Pone
1291 2558 1382 2603 autem

327 2668 443 2739 lapidem
457 2670 601 2739 pretiosum
614 2678 640 2721 et
653 2669 796 2737 imaginem
810 2669 926 2739 aliquam
939 2668 965 2719 in
980 2687 1010 2723 co
1020 2686 1182 2738 expressam,
1196 2686 1211 2721 a
1222 2686 1275 2738 qua
1287 2669 1381 2723 simili·

326 2788 392 2840 tudo
404 2787 550 2839 secuudum
563 2786 704 2855 imaginem
717 2787 846 2855 impressa
859 2788 1019 2839 ostendatur.
1056 2786 1155 2839 Nonne
1168 2787 1240 2839 aliud
1254 2796 1293 2841 est
1310 2788 1379 2841 ima·

326 2926 361 2978 go
384 2907 524 2979 exsculpta
549 2916 576 2961 et
600 2906 672 2960 aliud
696 2906 841 2959 similitudo
866 2907 899 2959 ab
923 2906 1038 2976 imagine
1061 2907 1217 2980 redempta?
1236 2909 1276 2961 Sit
1296 2909 1381 2980 igitur

326 3027 432 3081 bonitas
445 3027 496 3080 Dei
509 3045 588 3080 causa
599 3027 679 3099 hujus
692 3025 880 3091 similitudinis,
895 3025 958 3096 quia
971 3043 1031 3077 cum
1046 3025 1234 3081 benevolentia
1251 3044 1299 3080 sua
1316 3046 1379 3098 quae

328 3150 436 3219 Spiritui
461 3149 557 3202 Sancto
582 3149 733 3203 attribuitur
751 3149 825 3202 Deus
845 3148 933 3201 Deum
951 3147 1087 3200 hominem
1104 3156 1164 3219 post
1183 3148 1270 3202 Deum
1289 3150 1379 3202 facere

328 3269 418 3333 vellet,
432 3276 458 3321 et
469 3268 626 3321 naturaliter
638 3267 666 3322 id
678 3268 735 3321 fieri
748 3286 804 3320 non
817 3277 918 3337 posset;
937 3284 991 3321 non
1005 3264 1075 3356 eflm
1087 3265 1216 3321 naturalia
1235 3266 1309 3323 Deus
1328 3277 1377 3334 est,

329 3386 380 3440 nisi
391 3386 423 3450 is,
438 3385 484 3454 qui
497 3384 570 3436 Deus
582 3392 660 3435 natus
670 3391 718 3447 est,
727 3401 781 3436 non
792 3384 885 3449 factus,
895 3385 1026 3437 concessit
1034 3392 1064 3436 ut
1074 3375 1166 3438 saltem
1176 3384 1379 3440 similitudinem

327 3503 379 3556 Dei
391 3503 508 3557 haberet.
544 3505 612 3563 Quae
625 3501 770 3558 similitudo
785 3502 836 3557 Dei
848 3513 878 3555 ut
890 3501 979 3556 sedem
992 3502 1035 3556 vel
1047 3502 1244 3575 receptaculum
1256 3502 1377 3571 haberet,

329 3625 418 3696 imago
430 3624 486 3678 sive
498 3624 584 3695 figura
599 3624 753 3677 substantiae
772 3622 831 3688 Dei,
846 3640 907 3693 quae
927 3630 966 3676 est
981 3622 1052 3677 filius
1071 3622 1167 3675 animae
1182 3622 1309 3689 hominis,
1327 3625 1379 3679 im·

328 3762 419 3815 pressa
430 3753 477 3810 est,
488 3752 518 3797 ut
529 3761 546 3796 a
556 3760 604 3797 suo
617 3744 709 3813 spiritu
720 3744 875 3813 praedictam
888 3742 1087 3796 similitudinem
1099 3743 1235 3813 reciperet,
1246 3743 1381 3813 quomodo

302 3928 305 3933 Ι
329 3864 442 3935 pretioso
452 3862 535 3934 lapidi
549 3864 666 3915 foramen
680 3864 804 3934 aperitur,
818 3881 865 3934 per
877 3862 948 3933 quod
960 3860 1086 3931 gracilem
1098 3860 1155 3913 auri
1170 3861 1302 3931 virgulam
1314 3862 1381 3917 reci-

328 3984 391 4055 piat,
405 4000 458 4053 qua
473 3982 670 4051 constringatur
688 3990 864 4035 etteneatur.
900 3981 944 4034 Ad
961 3980 1104 4049 imaginem
1122 3982 1212 4052 itaque
1228 3982 1375 4036 secundum

328 4104 461 4158 naturales
479 4103 576 4155 animae
595 4103 713 4166 virtutes,
731 4100 885 4155 memoriam
902 4099 1009 4165 scilicet,
1025 4100 1237 4171 intelligentiam,
1252 4111 1278 4157 et
1296 4102 1376 4157 dilec-
