3100 5192
562 442 719 497 Denvsrssrs
737 456 885 498 sermons.
1214 446 1249 497 ut

194 603 386 670 temperanter,
398 614 455 668 pra
467 594 598 653 desiderio
610 598 707 653 suimus
720 597 758 652 nic
770 598 880 653 effectui
892 596 1051 671 mancipate,
1064 606 1097 653 ut
1107 596 1200 655 melior
1215 596 1251 654 rit

196 716 261 770 finis
274 716 423 771 orationum
436 732 516 787 quam
528 706 699 789 principium.

314 1053 359 1105 39.
377 1048 607 1124 THEOBALDO
623 1048 809 1105 csuwsn.
829 1049 1132 1108 AROlllEPlSCOPO.

234 1191 349 1246 Dourno
367 1210 400 1246 en
419 1210 500 1247 rnrur
520 1211 663 1248 csnrssuro
686 1192 718 1247 Τ.
737 1195 822 1248 Cina.
843 1212 1054 1252 srcnrarrscoro
1079 1214 1112 1253 aa
1135 1214 1246 1255 arearu-

197 1330 270 1367 nrcsr
290 1330 365 1367 sams
383 1332 489 1369 aroino
508 1332 614 1369 raanan
633 1315 666 1370 G.
686 1334 909 1375 oosuaucunoua
928 1336 1062 1373 murem
1080 1336 1203 1375 sarrauu.

193 1433 270 1487 Facti
282 1450 372 1489 sumus
385 1433 455 1488 sicut
466 1433 596 1489 consolati
607 1434 636 1487 in
649 1434 830 1489 consolatione
839 1436 987 1491 sanctitatis
996 1402 1092 1491 nestrae
1102 1446 1157 1493 tam
1166 1437 1248 1493 affec·

193 1562 281 1620 torosa,
293 1562 349 1607 tam
360 1553 413 1625 pia,
425 1561 481 1608 tam
490 1553 574 1626 plena
582 1552 724 1609 dulcedine
735 1563 762 1610 et
773 1556 892 1610 caritate.
930 1555 1036 1611 Reddat
1046 1556 1126 1611 vobis
1135 1558 1249 1629 spiritus

193 1671 346 1727 Paracletus
358 1671 567 1726 consolationem
580 1689 663 1737 suam,
677 1672 739 1744 quia
754 1658 884 1745 respicere
899 1672 1106 1730 misericorditer
1119 1674 1241 1731 voluistis

105 1820 109 1827 -
191 1790 386 1849 desolationem
409 1801 536 1848 nostram.
571 1793 715 1848 Suscitavit
737 1794 871 1865 siquidem
895 1794 976 1851 corda
999 1802 1096 1862 nostra,
1116 1797 1165 1851 etsi
1188 1811 1244 1853 non

189 1917 320 1974 emortua,
330 1910 388 1981 jam
401 1917 490 1963 tamen
503 1906 695 1982 prolonguido,
709 1911 841 1983 susceptio
849 1910 987 1966 literarum
996 1919 1152 1968 restromm.
1190 1913 1246 1967 no·

190 2030 271 2083 minis
283 2038 310 2083 et
322 2030 414 2083 amicis
427 2030 523 2084 nostris
535 2029 606 2083 hanc
618 2038 733 2087 vestram
747 2030 930 2101 dignationem
943 2038 969 2084 et
981 2030 1190 2086 consolationem
1202 2048 1245 2085 or·

187 2148 334 2216 tendimus,
346 2149 405 2203 etin
413 2166 461 2221 spe
468 2148 531 2204 viva
540 2166 573 2203 ex
583 2148 693 2203 consilio
701 2165 792 2203 eorum
800 2156 945 2220 martyrem
954 2157 1073 2203 nostrum
1082 2147 1248 2221 peregrinari

191 2268 227 2323 sd
239 2286 286 2323 vos
298 2268 497 2324 destinavimus.
534 2268 658 2342 Excipite
669 2268 754 2334 illam,
773 2277 801 2323 et
818 2268 881 2340 quia
898 2268 945 2323 vix
960 2267 990 2322 in
1007 2276 1078 2323 terre
1096 2286 1145 2323 sus
1161 2266 1245 2324 habet

191 2389 240 2443 nbi
252 2398 333 2462 ceput
343 2388 462 2456 reclinet,
475 2389 581 2443 iuterim
593 2390 643 2443 sub
654 2388 811 2443 umhraculo
823 2397 911 2444 vestro
922 2388 1018 2443 militet
1030 2396 1058 2441 et
1068 2388 1203 2461 stipendia
1212 2386 1248 2441 sd

194 2526 244 2565 noa
267 2509 402 2582 condigna
422 2518 547 2583 reportet.
582 2510 749 2565 Confidirnus
773 2509 897 2581 equidem
916 2511 943 2564 iu
960 2510 1084 2565 bonitate
1100 2508 1151 2563 Dei
1169 2508 1242 2562 etin

189 2628 351 2684 liberalitate
358 2630 444 2684 auirui
455 2630 543 2696 vestri,
562 2647 644 2701 quarn
658 2630 716 2703 jam
731 2630 969 2703 praegustavimus:
998 2629 1062 2702 quia
1079 2626 1203 2700 quamvis
1219 2627 1249 2681 in

193 2747 293 2803 baculo
302 2757 477 2805 suotrsnseat
488 2768 563 2805 marc
574 2758 701 2817 vestrum,
714 2757 805 2805 tamen
818 2750 853 2805 sit
864 2748 996 2804 rediturus
1006 2750 1033 2803 in
1046 2748 1140 2804 turmia
1152 2746 1249 2803 multa·

189 2868 482 2926 rumbenedistionum.
503 2868 1249 2925 Discretionisanctitotlsrestraefretresuestmsetnun·

188 2989 246 3044 cios
272 2988 451 3063 disponendos
477 2990 676 3046 committimus.
725 2991 872 3045 Dominum
898 3007 1005 3061 quoque
1029 3000 1056 3045 et
1083 2988 1246 3043 confratrem

193 3108 223 3160 in
241 3108 316 3162 omni
334 3109 452 3165 oratione
470 3118 496 3165 et
510 3108 641 3165 beneficio
660 3109 780 3163 omnium
798 3116 948 3163 nostrorum
965 3124 1013 3162 vos
1030 3105 1248 3163 adnumeremus.

198 3224 311 3284 valete!

227 3582 273 3633 dd.
293 3579 561 3637 REPREHENDIT
579 3581 646 3636 EOS
664 3582 758 3644 QUlA
776 3581 1007 3637 Nouuuuuur
1024 3536 1207 3638 uaclruiru

608 3700 839 3759 TEZELINUM.

227 3818 342 3875 Fasrsn
353 3821 389 3877 G.
402 3820 518 3876 cnarsrr
528 3838 685 3879 renarrans
694 3838 819 3876 maacrrs
832 3834 983 3875 narramus
997 3836 1030 3874 er
1043 3836 1141 3875 surore
1150 3818 1250 3875 Clare

189 3955 323 3994 Wlfflin
336 3956 503 3995 arrisimus
517 3958 649 3997 10113818
661 3958 694 3997 tlt
704 3959 831 3997 TEMPORE
843 3958 910 3996 orn.

226 4033 328 4096 Pmier
347 4034 468 4103 otium,
481 4052 586 4093 necnon
606 4044 634 4094 ot
654 4044 746 4159 ml?
765 4026 905 4100 nemin
923 4033 1009 4115 uirgu²
1021 4051 1075 4091 uon
1089 4034 1125 4089 iu
1141 4034 1244 4108 'Spiritu
