3100 5192
362 530 414 581 13⁰
837 540 870 593 G.
891 543 1012 597 Aesaris

359 713 490 773 qnantum
509 707 544 761 de
557 708 631 765 vobis
655 712 851 781 excellentiora,
873 722 947 771 tanto
968 718 1001 773 de
1013 736 1056 773 me
1079 722 1164 775 sentio
1185 730 1212 777 et
1224 726 1281 779 scio
1293 722 1409 782 meliora.

357 826 441 879 Nullo
453 829 533 898 igitur
543 830 623 883 modo
635 831 670 885 ad
678 832 825 902 ingressum
839 835 962 890 amicitiae
975 856 1084 893 manum
1096 842 1210 913 porrigo,
1224 846 1272 897 sed
1286 848 1308 899 si
1321 848 1364 899 vel
1377 848 1409 900 de

357 964 438 1023 grege
453 950 656 1005 accidentalium
676 952 821 1007 amicorum
832 952 916 1019 fuero,
929 956 997 1011 bene
1009 974 1113 1014 mecum
1120 960 1215 1017 iecisse
1228 964 1410 1036 dignationem

354 1080 469 1125 renuam
489 1071 627 1125 estimebo.
664 1072 795 1126 Primitiae
808 1082 897 1127 autem
918 1076 977 1129 illas
998 1094 1053 1133 non
1075 1080 1159 1146 mitto,
1174 1084 1237 1153 quia
1252 1086 1409 1155 ampliorem

353 1191 468 1262 gratiam
489 1190 577 1244 iacere
597 1208 720 1261 propero.
756 1192 821 1245 Non
839 1192 971 1249 habebam
996 1214 1131 1254 sermonen
1155 1202 1275 1273 magistri
1304 1204 1349 1271 (t,
1363 1204 1408 1259 sed

360 1328 451 1381 quaero
461 1329 468 1376 3
478 1318 506 1365 et
527 1309 616 1363 statim
638 1312 792 1381 scriptorem
811 1328 872 1365 cum
892 1312 965 1367 omui
984 1314 1114 1372 instantia
1131 1319 1194 1374 huic
1205 1322 1278 1392 operi
1291 1322 1326 1376 ad
1346 1340 1412 1395 opus
1487 1357 1490 1362 -

352 1434 469 1482 vestrum
481 1429 600 1499 designo.

684 1927 728 1980 ⁶7.
765 1924 918 1980 DOMINO
948 1928 1060 1989 PAPAE.

381 2050 497 2103 Donmo
514 2065 548 2102 ar
567 2064 649 2101 rarar
666 2062 811 2101 esarssruo
830 2048 864 2101 A.
884 2066 1064 2105 universatis
1079 2068 1214 2107 accensis
1229 2070 1322 2107 sunno
1336 2028 1415 2108 rom-¹

345 2186 438 2233 rrercr,
463 2185 552 2221 merua
581 2183 647 2220 auus
665 2182 771 2220 ananau
797 2167 831 2219 G.
851 2185 915 2221 suus
933 2185 1038 2223 aenaea
1057 2188 1180 2235 castren,
1195 2140 1419 2228 suaracrroiuni'

342 2304 411 2340 ann
428 2304 483 2337 cerr
504 2302 662 2337 nevorroue.

375 2404 425 2459 Cui
444 2414 542 2475 praeter
561 2403 636 2458 sinus
654 2412 780 2474 paternos
809 2404 933 2458 alienon
953 2414 1099 2477 suppetunt
1122 2409 1236 2479 refugia,
1256 2410 1399 2465 instantius

340 2523 434 2578 eedem
445 2522 556 2593 requirit
574 2522 602 2575 iu
621 2523 777 2576 necessitate
795 2522 934 2593 suffragia.
972 2523 1015 2576 Ad
1029 2542 1084 2589 vos,
1103 2533 1179 2596 pater
1194 2526 1398 2592 sanctissimas

338 2642 429 2697 multis
448 2660 509 2713 quae
528 2641 695 2695 circumdant
717 2659 767 2695 nos
788 2640 1002 2695 tribulationibus
1022 2650 1049 2697 et
1068 2644 1280 2715 oppressionibus
1301 2646 1397 2699 merito

338 2760 514 2830 confugimus,
528 2759 602 2831 cujus
614 2760 703 2813 studio
719 2766 746 2812 et
764 2758 935 2812 sollicitudini
955 2760 1099 2831 regendam
1122 2763 1260 2816 ecclesiam
1278 2780 1354 2816 suam
1367 2762 1395 2816 in

336 2879 431 2933 mundi
451 2876 667 2931 fluctuationibus
689 2878 821 2930 commisit
841 2878 969 2931 Christus.
1005 2880 1068 2933 lam
1092 2880 1163 2933 enim
1183 2881 1316 2952 perimus;
1341 2880 1395 2937 nisi

334 2971 480 3081 respexerit
491 3006 583 3051 nostra
597 2998 729 3068 benignus
743 2997 826 3050 Deus.
858 2996 973 3065 lustitia,
986 3000 1061 3065 ratio,
1075 3002 1179 3065 veritas,
1192 3002 1238 3055 lex
1249 3003 1393 3073 esequire·

333 3120 367 3174 de
379 3121 422 3175 die
433 3123 461 3174 in
474 3121 544 3174 diem
556 3138 572 3173 a
584 3118 682 3173 finibus
693 3120 790 3172 nostris
805 3121 1025 3186 exterminantur,
1047 3130 1073 3175 et
1085 3138 1175 3175 earum
1190 3124 1318 3178 memoria
1332 3125 1392 3179 aba·

334 3258 386 3310 que
409 3240 489 3294 modo
508 3248 534 3293 et
551 3238 733 3292 misericordia
750 3238 921 3309 extinguitur.
958 3240 1043 3310 Super
1062 3240 1104 3294 his
1125 3241 1214 3313 itaque
1235 3250 1262 3295 et
1279 3260 1329 3314 pro
1347 3243 1391 3297 his

333 3361 457 3431 respiciat
468 3360 496 3411 iu
506 3375 555 3413 nos
567 3358 749 3412 misericordia
758 3366 853 3425 vestre,
874 3367 900 3412 et
911 3359 1051 3428 provideat
1062 3368 1092 3414 ut
1105 3362 1195 3415 vivere
1205 3362 1289 3433 possit
1299 3362 1391 3415 anima

331 3489 430 3535 nostra.

366 3594 471 3649 iratres
485 3594 527 3648 isti
537 3593 684 3648 fidelissimi
704 3595 830 3649 relatores
851 3602 913 3647 eunt
933 3602 1082 3649 nostrarum
1094 3595 1290 3651 necessitatum.
1327 3594 1389 3650 Hoe

328 3716 443 3785 benigne
457 3714 605 3785 suscipiatis
617 3723 644 3767 et
655 3714 682 3767 in
694 3714 748 3767 suis
759 3712 932 3784 petitionibus
944 3712 1086 3768 clementer
1100 3712 1256 3769 exaudiatis.
1290 3714 1388 3768 Valeat

329 3834 454 3887 sanctitas
464 3840 559 3887 vestra.
