3100 5192
820 556 853 607 C.
880 558 1000 607 Austris

691 715 729 765 ὅ...

491 961 534 1009 60.
567 956 719 1008 DOMINO
746 955 851 1007 PAPAE
882 952 998 1005 ABBAS
1030 948 1246 1003 DERVENSIS.

365 1078 478 1131 Douruo
496 1096 545 1129 suo
564 1078 597 1129 A.
617 1076 672 1127 Dru
692 1094 795 1127 onsrrs
812 1092 905 1128 suuno
923 1091 1059 1125 rourrrrcr
1079 1089 1184 1123 unsrun
1204 1071 1238 1121 G.
1258 1085 1364 1121 seusun

828 1208 899 1241 suus.

375 1310 408 1363 In
422 1311 585 1380 gravissimis
599 1309 800 1380 quaestionibus,
815 1310 882 1361 sieut
897 1308 960 1360 olim
974 1306 1008 1359 od
1022 1306 1152 1375 Meysem,
1167 1305 1204 1357 sie
1225 1320 1297 1355 nune
1317 1310 1392 1372 peter

340 1426 499 1490 venerande,
514 1427 548 1478 ab
563 1426 636 1479 omui
650 1425 761 1478 ecclesio
775 1424 827 1477 llei
841 1424 984 1477 recurritur
1003 1422 1036 1475 ad
1054 1422 1125 1474 beati
1138 1419 1209 1472 Petri
1230 1427 1255 1471 et
1276 1426 1393 1471 vestrum

342 1546 440 1599 sedem.
476 1545 543 1598 Tam
557 1546 628 1598 enim
641 1545 816 1597 communiter
838 1543 985 1597 communis
998 1542 1144 1613 imponitur
1156 1540 1230 1593 vobis
1243 1538 1393 1593 sollicitudo
1476 1546 1486 1563 ⁸

343 1666 461 1717 omnium
487 1665 665 1729 ecclesiarum,
692 1682 772 1733 quern
796 1664 964 1733 singulariter
980 1671 1006 1715 et
1029 1660 1177 1731 specialiter
1194 1660 1272 1711 Petro
1295 1658 1395 1710 dietum

344 1785 454 1849 videtur,
476 1784 511 1835 Et
531 1791 560 1835 tu
579 1800 722 1835 conversus
743 1783 871 1835 confirma
891 1781 985 1833 iratres
999 1790 1064 1832 tuos.
1102 1778 1140 1830 Ut
1164 1786 1253 1829 temen
1272 1793 1397 1845 compen·

345 1904 419 1956 diurn
444 1903 477 1955 de
498 1902 601 1973 prolixo
623 1903 729 1971 negotio
752 1902 906 1955 inauribus
928 1900 1023 1954 vestris
1047 1899 1151 1962 focium,
1173 1898 1286 1951 ecclesio
1309 1904 1398 1949 nostro

347 2004 498 2086 Dervensis,
510 2022 592 2075 immo
604 2030 699 2084 vestre,
712 2022 746 2075 de
758 2039 840 2076 manu
851 2021 966 2091 potentis
980 2019 1015 2072 G.
1037 2036 1093 2071 non
1112 2017 1275 2080 liberabitur,
1289 2015 1339 2089 nisi
1351 2032 1399 2085 per

345 2160 454 2195 monum
468 2143 664 2213 omnipotentis
678 2143 737 2207 Dei,
751 2143 803 2195 nisi
819 2143 846 2195 in
860 2148 1021 2213 arcu'vestro
1034 2147 1060 2193 et
1071 2138 1179 2191 brachio
1203 2145 1320 2192 extento.
1339 2137 1398 2189 Clu-

346 2271 402 2315 mat
413 2264 506 2331 utique
521 2262 555 2313 de
569 2264 691 2332 angustio
703 2271 730 2315 et
752 2262 898 2315 afflictione
922 2278 970 2313 sun
986 2261 1090 2324 advos,
1114 2259 1178 2328 quio
1199 2259 1271 2311 salus
1293 2258 1350 2329 ejus
1371 2257 1399 2309 in

348 2400 430 2435 manu
440 2382 490 2435 Dei
510 2390 536 2434 et
548 2390 635 2434 vestra
658 2390 705 2435 est.
738 2383 801 2435 Non
814 2382 885 2434 enim
900 2381 957 2452 jam
968 2381 1075 2451 respicit
1087 2382 1121 2433 ud
1134 2380 1295 2451 adjutorium
1315 2378 1401 2430 horni-

348 2520 422 2568 num,
438 2520 549 2573 quorum
572 2520 642 2585 vana
655 2520 722 2572 spes,
747 2502 887 2572 promissio
909 2518 991 2566 casso,
1014 2500 1088 2553 nulla
1109 2499 1277 2553 confidentia.
1316 2499 1398 2553 Vobis

349 2631 438 2675 eutem
451 2622 507 2675 sine
520 2620 610 2687 dubio,
632 2630 658 2674 et
676 2640 762 2675 sermo
774 2630 869 2692 potens
882 2621 916 2673 ad
928 2620 1103 2685 liberandum,
1122 2628 1149 2672 et
1167 2620 1251 2673 virtus
1268 2619 1403 2673 sufficiens

336 2741 385 2795 ‘ad
396 2742 588 2795 redimendum.
626 2742 658 2793 ln
672 2742 767 2794 umbra
781 2741 870 2810 itaque
883 2749 971 2793 vestre
984 2749 1029 2792 aut
1040 2748 1079 2793 est
1095 2740 1119 2793 ei
1128 2740 1282 2804 vivendum,
1298 2748 1344 2793 out
1355 2741 1405 2795 sub

349 2861 445 2914 umbra
456 2860 556 2924 mortis,
570 2860 693 2913 videlieet
705 2862 746 2925 G,
766 2861 953 2916 deficiendum.
973 2863 1023 2915 Dio
1036 2863 1153 2926 verbum,
1174 2871 1265 2915 sancte
1276 2872 1358 2934 poter,
1380 2868 1406 2915 et

352 2980 488 3033 sonabitur
512 2980 630 3033 ecelesia.
680 2981 748 3033 Ecce
771 2982 899 3051 languore
922 2982 1134 3053 desperatissimo
1155 2981 1261 3054 jamdiu
1282 2990 1404 3053 aegrotot.

352 3101 466 3171 Appone
479 3102 620 3170 malagma,
634 3110 663 3153 ut
675 3102 750 3173 cujus
762 3110 802 3155 est
814 3102 869 3155 filia
880 3120 914 3155 ex
926 3120 954 3155 se
968 3101 1103 3172 languida,
1123 3102 1157 3154 sit
1177 3119 1225 3171 per
1244 3110 1270 3155 te
1291 3101 1408 3154 devotis·

356 3221 423 3273 simu
437 3220 533 3273 aneilla
545 3229 570 3272 et
583 3221 729 3290 relempto.
767 3220 800 3273 In
813 3239 857 3273 ore
869 3222 948 3292 hujus
960 3222 1051 3273 nuncii
1065 3221 1147 3273 nostri
1159 3222 1295 3291 posuimus
1304 3228 1331 3275 et
1342 3238 1404 3292 quae

354 3339 426 3392 dicat
439 3346 466 3391 et
486 3356 547 3407 quae
560 3338 658 3401 seciut;
680 3357 743 3403 rem,
765 3346 796 3390 ut
812 3348 860 3403 est,
878 3339 957 3392 latius
979 3340 1036 3409 ipse
1056 3347 1177 3409 exponet,
1199 3340 1254 3393 sive
1274 3341 1410 3410 quomodo

351 3458 481 3531 justitiam
501 3458 528 3509 in
551 3458 694 3528 praesentio
713 3458 830 3528 episcopi
851 3456 1052 3511 catalaunensis
1065 3459 1262 3529 subterfugerit,
1276 3460 1331 3513 sive
1345 3478 1410 3529 quo·

354 3578 434 3633 modo
443 3579 515 3649 apud
527 3579 685 3631 bremensem
693 3578 922 3649 arehiepiscopum
933 3579 990 3631 sols
1002 3596 1083 3632 cause
1093 3578 1265 3633 frasnetmiae
1275 3580 1411 3634 dilationis

358 3699 540 3769 appellaverit,
554 3698 607 3751 sive
619 3716 672 3767 quo
686 3698 774 3763 modo,
788 3698 944 3769 interposito
955 3698 1016 3764 fide,
1032 3699 1059 3750 in
1080 3698 1219 3751 dominum
1240 3698 1276 3752 H.
1294 3699 1413 3768 Treben-

360 3837 417 3871 sem
439 3819 562 3871 comitem
581 3835 663 3887 quum
679 3818 832 3887 promiserit
852 3826 879 3870 et
898 3827 991 3889 postea
1010 3818 1110 3871 resilire
1130 3819 1278 3871 tentaverit.
1316 3820 1412 3890 Capite

358 3935 467 4005 vulpem
480 3953 540 4005 quae
552 3934 693 3988 demolitur
706 3934 811 3989 vineam
824 3944 946 3993 vestram.
976 3936 1072 3989 Potitio
1084 3944 1176 3990 nostre
1188 3938 1247 3989 lraec
1261 3945 1307 4003 est,
1322 3946 1352 3990 ut
1360 3940 1410 3991 sub

358 4055 405 4109 tali
417 4065 508 4109 tenore
520 4055 555 4108 od
567 4055 791 4125 arehiepiscopum
806 4056 980 4109 Senocensem
989 4063 993 4069 '
1002 4056 1151 4109 remittatur
1165 4074 1254 4121 causa,
1277 4057 1349 4127 quod
1370 4058 1415 4111 vel

360 4195 420 4230 cum
438 4177 564 4247 promisso
590 4194 638 4229 suo
656 4184 725 4230 sture
743 4183 861 4247 cogatur,
882 4162 938 4229 eut¹
952 4175 1080 4246 possessio
1098 4194 1145 4229 seu
1163 4176 1319 4231 investitura
1337 4177 1415 4231 nobis
