3100 5192
519 551 673 601 Daavensts
701 546 851 597 Errsroue.
1172 536 1221 588 147

162 744 272 808 accepta
281 715 391 788 licentia
405 751 420 785 a
433 732 527 794 Pilato,
540 747 634 799 corpus
647 727 745 780 Christi
759 726 792 777 de
805 740 883 779 cruce
897 721 1085 791 deposuerunt,
1100 716 1135 769 'et
1154 734 1219 770 ven-

162 857 295 911 erabiliter
306 853 452 924 sepulturae
465 848 640 902 tradiderunt
677 846 746 898 Haec
759 844 792 897 de
807 844 849 896 his
863 841 955 904 sentio,
970 840 1166 907 non]respuens
1186 838 1209 889 si

165 977 224 1047 quis
242 976 275 1029 de
291 974 333 1029 hia
355 972 449 1025 altiora
460 978 487 1021 et
501 968 644 1021 sacratiora
660 982 693 1017 ex
710 962 865 1016 auctoritate
880 959 922 1013 vel
941 958 1032 1011 divina
1051 956 1220 1026 inspiratione

167 1097 255 1149 dicere
267 1092 392 1149 valuerit.

201 1213 243 1267 De
254 1210 394 1273 monacho,
408 1207 494 1277 quiin
506 1206 597 1274 ignem
609 1200 722 1256 cadendi
733 1198 827 1271 juveni
842 1214 921 1250 causa
933 1196 984 1248 tuit
1003 1212 1057 1247 non
1079 1194 1217 1248 voluntate

168 1331 215 1385 sed
227 1347 298 1395 casu,
313 1345 367 1380 non
390 1325 496 1378 videtur
510 1322 575 1375 mihi
589 1340 647 1375 esse
669 1318 805 1372 criminale
826 1315 897 1386 quod
917 1314 988 1379 iecit,
1006 1321 1119 1367 testante
1138 1312 1217 1365 beato

168 1446 320 1515 Augustino
335 1450 363 1495 et
375 1442 487 1504 dicente,
502 1439 645 1490 Peccatum
656 1435 723 1488 adeo
738 1441 777 1486 est
791 1431 979 1493 voluntarium,
994 1429 1074 1499 quod,
1086 1429 1171 1481 sinon
1186 1435 1226 1481 est

170 1562 356 1623 voluntarium,
364 1561 422 1631 jam
435 1575 489 1611 non
503 1562 606 1609 constat
619 1571 676 1607 esse
689 1559 836 1622 peccatum.
849 1549 936 1613 Unde,
952 1548 976 1600 si
988 1548 1022 1599 ad
1034 1554 1139 1616 tempus
1149 1563 1224 1599 mon-

173 1682 255 1735 achus
266 1681 313 1733 ille
325 1680 359 1732 ab
371 1677 460 1731 officio
473 1682 513 1728 est
532 1689 681 1743 suspensus,
704 1670 748 1723 vel
770 1670 804 1729 ab
826 1668 916 1737 aliqua
934 1666 1100 1736 promotione
1121 1664 1227 1730 dilatus,

172 1817 320 1871 congruum
332 1797 398 1849 mihi
410 1795 522 1858 videtur,
537 1800 568 1844 ut
580 1798 606 1843 et
619 1790 712 1842 levitas
725 1790 782 1859 ejus
795 1786 926 1856 impunita
945 1802 1000 1838 non
1023 1791 1178 1848 remaneret,
1202 1790 1228 1835 et

172 1918 327 1988 exemplum
340 1934 355 1968 a
367 1914 446 1967 simili
453 1913 562 1966 levitate
576 1909 688 1963 cavendi
702 1906 868 1961 consortibus
879 1906 962 1957 fieret.
999 1904 1063 1955 Sola
1083 1921 1146 1973 ergo
1167 1922 1230 1973 pru-

174 2037 366 2157 dpntiavestra
380 2038 482 2103 penset,
502 2038 535 2082 ut
554 2028 700 2081 secundum
724 2026 880 2095 qualitatem
899 2024 962 2075 vitae
982 2028 1008 2075 et
1030 2022 1157 2086 scientiae,
1180 2032 1227 2075 aut

172 2174 234 2209 eum
251 2153 360 2209 omniuo
372 2148 539 2220 suspendatis
552 2155 598 2199 aut
613 2148 641 2198 in
656 2145 737 2198 sacris
751 2143 888 2197 ordinibus
901 2160 961 2195 eum
971 2140 1123 2197 ministrare
1135 2161 1228 2197 conce-

178 2273 256 2325 datis.
295 2272 336 2322 De
345 2277 450 2331 caetero,
463 2265 535 2336 quod
547 2263 671 2317 monachi
683 2263 754 2315 illius
765 2260 1009 2330 transgressionem,
1019 2261 1073 2331 [qui
1086 2261 1234 2334 sejpropter

178 2385 334 2457 epilensiam
342 2381 485 2435 curandam
495 2377 689 2441 eunuchizavit,
700 2375 846 2429 secundum
856 2375 969 2445 rigorem
978 2392 1109 2428 canonum
1118 2379 1237 2434 animad-

179 2511 282 2558 vertere
294 2501 382 2561 vultis,
395 2516 446 2551 nec
458 2496 493 2549 ad
505 2496 624 2548 altiorem
636 2493 748 2564 gradum
761 2492 913 2561 promoveri
925 2494 1029 2561 poterit,
1047 2510 1095 2547 nec
1115 2495 1143 2547 in
1157 2515 1189 2549 eo
1200 2498 1228 2549 in

179 2640 232 2694 quo
247 2628 303 2673 ent
316 2618 408 2671 ordine
423 2612 593 2681 ministrabit,
605 2612 675 2682 quia,
688 2611 757 2663 sicut
767 2611 837 2663 bene
859 2610 949 2675 nostis,
965 2610 989 2663 ei
1002 2628 1055 2663 non
1069 2612 1237 2669 interdicere-

179 2750 224 2794 tur
237 2741 261 2793 ei
273 2744 343 2792 esset
354 2742 440 2789 sectus
452 2751 468 2813 a
479 2732 597 2785 medicis.
634 2730 662 2781 Si
674 2730 746 2783 enirn
757 2729 904 2782 secundum
916 2729 1042 2784 Nicaenos
1063 2749 1177 2787 canones
1197 2736 1238 2789 illi

182 2856 216 2908 ab
229 2850 412 2907 ecclesiasticis
425 2848 521 2902 officiis
531 2853 710 2909 removentur,
725 2844 770 2913 qui
781 2863 809 2897 se
819 2844 960 2898 abscidunt
978 2846 1237 2919 obtentuflservandae

185 2971 322 3033 castitatis,
335 2968 419 3021 multo
431 2967 516 3036 magis
527 2966 567 3018 iili
587 2963 744 3017 removendi
766 2971 830 3016 sunt
844 2964 930 3033 quise
946 2966 1134 3032 ¹eunuchizant
1159 2986 1241 3022 causa

185 3087 311 3142 curandae
326 3084 468 3155 corporalis
488 3082 663 3153 aegritudinis.
696 3081 836 3151 Verusque
849 3081 916 3133 sicut
928 3080 1000 3151 rigor
1020 3084 1176 3137 commissus
1199 3096 1238 3140 est

186 3205 332 3260 rectoribus
346 3202 381 3255 ad
389 3200 548 3255 servandum
559 3219 608 3271 pro
621 3199 778 3252 necessitate
791 3199 908 3251 locorum
925 3206 952 3251 et
963 3207 1120 3271 temporum,
1135 3210 1181 3256 aut
1192 3221 1239 3273 pro

188 3321 399 3377 consideratione
415 3319 625 3390 appetendorum
640 3318 838 3371 commodorum
851 3325 897 3369 aut
910 3318 1078 3371 vitandorum
1098 3320 1246 3375 incommo-

188 3444 291 3505 dorum,
312 3440 349 3492 sic
364 3439 399 3491 ad
409 3438 633 3507 dispensationem
646 3438 746 3490 eisdem
757 3435 893 3507 promissae
910 3445 976 3491 sunt
986 3456 1046 3505 quae
1059 3440 1179 3493 ecclesiae
1195 3441 1246 3496 tter

190 3577 247 3611 non
259 3562 389 3626 generent
400 3554 563 3617 scandalum,
578 3571 627 3622 pro
638 3554 778 3606 honestate
799 3571 973 3624 personarum
997 3565 1043 3607 aut
1063 3574 1111 3625 pro
1132 3560 1244 3614 utilitate
1267 3596 1273 3609 .

192 3668 469 3739 rerumpublicarum.
507 3668 539 3719 ln
556 3668 652 3737 quibus
667 3669 790 3722 omnibus
806 3669 957 3722 adhibenda
982 3679 1021 3722 est
1034 3680 1164 3726 rectorum
1187 3676 1246 3730 dili·

192 3789 290 3859 gentia,
304 3794 335 3839 ut
347 3800 398 3837 uec
419 3784 539 3837 nocitura
560 3785 709 3839 concedant
728 3804 778 3839 nec
797 3788 936 3857 profutura
956 3789 1123 3857 prohibeant.
1175 3793 1249 3847 Sicut

196 3908 267 3961 enim
282 3901 378 3973 aegroti
389 3900 534 3970 aliquando
546 3903 656 3956 servatis
665 3904 770 3974 iegibus
783 3890 924 3959 medicinae
937 3908 1045 3961 minime
1065 3920 1191 3964 curantur
1203 3915 1249 3982 qui

197 4020 313 4075 remissis
325 4023 508 4086 competenter
520 4018 627 4089 legibus
639 4029 803 4086 sanarentur,
817 4022 854 4074 ita
865 4022 893 4073 in
907 4022 1029 4075 curandis
1042 4025 1140 4077 morbis
1150 4027 1250 4079 anima-

201 4157 260 4191 rum
273 4133 497 4190 considerandum
511 4144 560 4201 est,
575 4137 671 4207 quibus
682 4139 763 4207 prosit
776 4140 851 4209 rigor
863 4139 1019 4209 disciplinae,
1034 4141 1062 4193 in
1080 4142 1176 4210 quibus
1198 4161 1252 4196 mo·
1312 4199 1315 4205 ,
