3100 5192
545 542 702 596 Deseruere
721 558 868 595 rrrsrocs.
1189 538 1239 589 115

181 712 238 749 non
256 694 367 750 efferam
385 704 474 767 capnt,
505 704 533 751 et
554 697 625 751 intra
642 694 906 767 quantulumcunque
923 692 1031 749 libuerit
1049 688 1237 747 circumducat.

183 815 343 869 Describam
360 816 452 885 itaque
469 816 583 882 formam
601 817 686 870 crucis
704 824 731 869 et
754 830 846 868 omnes
869 814 1083 867 circumstantias
1101 812 1173 883 ejus;
1192 810 1240 864 ubi

182 933 305 986 chrisma
316 934 396 987 Jesus
408 950 469 987 cnm
479 934 608 987 lanternis
621 942 648 987 et
664 933 781 988 iasessrus
795 941 925 1002 tanquam
941 931 1010 985 latro
1026 930 1140 995 ducitur,
1157 929 1205 981 ubi
1222 946 1239 981 a

179 1050 254 1102 Juda
260 1051 393 1115 venditur,
405 1050 453 1103 ubi
464 1050 628 1103 vestimentis
636 1050 691 1103 suis
702 1050 827 1114 nudatur,
839 1048 886 1101 ubi
896 1063 945 1119 per
957 1047 1092 1102 ciuitatem
1101 1046 1135 1099 ab
1144 1047 1197 1099 alio
1204 1045 1239 1099 ad

181 1170 264 1222 alium
276 1170 439 1224 deridendus
455 1179 482 1223 st
493 1170 657 1241 judicandus
676 1170 891 1235 circumducitur,
910 1170 957 1222 ubi
973 1168 1084 1240 spuitur,
1101 1166 1148 1220 ubi
1167 1168 1238 1221 cola-

178 1286 311 1357 phizatur,
323 1288 370 1340 ubi
385 1288 588 1353 faciesvelatur,
606 1288 654 1341 nbi
669 1288 828 1357 flagellatur,
846 1287 893 1340 ubi
909 1286 942 1339 de
957 1286 1077 1357 pluribus
1093 1286 1236 1356 inquisitus

176 1424 265 1477 pauca
275 1408 426 1477 respondet,
439 1407 486 1460 ubi
498 1407 677 1478 suspenditur,
689 1408 735 1459 ubi
748 1414 823 1460 aceto
836 1406 1002 1470 cibatur,ubi
1012 1404 1184 1457 lencealatus
1192 1422 1238 1475 ap-

176 1525 266 1589 eritur,
278 1526 326 1577 ubi
343 1524 425 1577 clavis
442 1524 591 1593 configitur,
608 1524 655 1577 ubi
670 1524 753 1594 spinis
770 1530 919 1587 coronatur,
935 1522 983 1575 ubi
997 1521 1066 1574 latro
1082 1522 1236 1586 absolvitur,

175 1642 224 1694 nbi
241 1642 320 1694 matri
339 1641 468 1694 vicariam
492 1641 626 1695 loannem
649 1641 787 1693 substituit
809 1641 867 1705 sibi,
891 1641 937 1693 ubi
963 1640 1060 1693 clamat
1083 1647 1109 1693 et
1132 1640 1238 1711 expirat

177 1758 251 1818 Quid
262 1758 298 1811 ibi
320 1758 408 1811 Maria
423 1767 508 1811 mater
522 1756 607 1811 Jesut
625 1758 689 1828 qnid
705 1757 843 1811 Joannesl
862 1756 927 1828 qnid
946 1756 1035 1810 Maria
1055 1754 1229 1828 Magdalens,

179 1876 246 1947 quid
255 1875 370 1931 Petraei
385 1876 484 1929 Nonne
494 1884 558 1929 tunc
570 1876 642 1945 rupti
654 1881 716 1927 suant
726 1874 813 1928 lentes
826 1884 853 1927 et
877 1882 1019 1928 cataractae
1031 1875 1093 1928 coeli
1110 1876 1138 1926 in
1156 1871 1235 1927 llum·

179 1998 231 2061 ine,
244 1996 327 2048 immo
338 1995 366 2048 in
380 1996 480 2047 diluvio
492 2012 622 2063 aquarum
634 1994 798 2046 multaruml
816 1990 895 2048 Hanc
908 1994 1112 2063 descriptionem
1123 1992 1151 2047 in
1164 2008 1236 2047 mnr-

178 2113 258 2166 enula
269 2114 325 2165 sive
336 2119 391 2183 tuq.
428 2128 509 2164 aurea
520 2112 649 2181 impressa
661 2119 688 2162 et
700 2110 769 2163 collo
779 2110 864 2163 cordis
873 2107 1026 2180 impositam
1036 2129 1044 2163 r
1064 2118 1107 2163 eat
1114 2128 1160 2163 cor
1171 2127 1234 2181 quc-

176 2250 282 2304 cuuque
293 2232 409 2303 impetus
421 2231 529 2284 duxerit
540 2245 610 2283 eum.
647 2230 710 2284 Non
734 2230 806 2283 enim
825 2230 896 2285 inira
911 2230 983 2285 hunc
1001 2230 1131 2284 circulum
1147 2248 1234 2285 errare

172 2353 278 2423 poterit
315 2352 386 2404 Eece
397 2350 470 2422 quod
478 2351 577 2404 babeat
593 2366 639 2404 car
651 2356 768 2403 vestrum
781 2350 904 2403 meditari
916 2366 933 2403 a
943 2350 1076 2421 principio
1086 2351 1175 2404 missae
1192 2365 1234 2405 us·

176 2492 232 2546 que
247 2474 283 2529 ad
299 2476 390 2530 duem.

246 2876 291 2926 49.
304 2872 356 2925 Dii
365 2872 511 2926 ORDINE
524 2870 666 2925 MONTIS
679 2872 746 2925 DEI
757 2872 805 2926 ΕΤ
817 2872 898 2925 SITU
918 2873 1125 2927 CELLARUM

634 2990 804 3045 CARTUSI.

207 3110 322 3163 Damno
335 3126 369 3161 ΕΤ
385 3127 470 3162 unico
486 3127 535 3162 8ῦο
551 3128 695 3163 CARISSIHO
708 3128 736 3163 Η.
755 3129 854 3163 ΔΒΒΑΤΙ
868 3129 902 3164 ΒΕ
917 3130 1064 3166 mensorem
1082 3131 1188 3168 FRATER
1201 3134 1227 3169 G.

172 3245 279 3280 SUPER
290 3244 357 3279 SUUS
369 3244 503 3291 SALUTEM,
517 3244 578 3281 QUAE
591 3245 755 3281 runrlctrun
767 3247 797 3281 IN
810 3248 903 3282 MONTE
917 3247 970 3283 DEI.

206 3346 248 3398 De
261 3333 333 3398 statu
342 3361 390 3396 suo
404 3342 492 3396 amico
503 3343 627 3409 scribere,
642 3345 746 3399 solvere
759 3354 800 3399 est
811 3347 929 3401 debitum
940 3368 947 3415 ;
962 3356 989 3401 et
1002 3348 1116 3403 creditor
1127 3349 1149 3403 si
1158 3368 1174 3403 a
1183 3350 1229 3405 de·

172 3463 259 3516 bitere
271 3462 392 3515 debitum
406 3462 545 3533 receperit,
564 3462 670 3515 debitor
685 3464 851 3518 liberabitur.
889 3466 916 3518 si
934 3466 1056 3537 amplius,
1074 3468 1174 3521 donum
1189 3478 1229 3523 est

167 3584 226 3653 jam
238 3581 345 3645 datoris,
356 3598 411 3634 nou
424 3580 560 3634 creditoris
571 3581 701 3635 debitum.
739 3582 827 3635 Debet
838 3582 928 3653 itaque
936 3602 985 3655 pro
1001 3584 1132 3639 beneficio
1146 3587 1226 3659 hujus

170 3700 243 3753 modi
254 3700 400 3770 gratiarum
412 3700 545 3754 actionem
557 3717 611 3753 non
622 3718 672 3771 pro
685 3700 816 3755 solutione
836 3702 917 3755 debiti
931 3703 1124 3758 liberationem.
1161 3708 1226 3761 Non

169 3819 270 3889 dispari
281 3820 367 3872 forma
383 3819 531 3873 debitorem
546 3820 655 3889 quidem
667 3839 710 3873 me
728 3830 846 3875 vestrum
863 3822 948 3876 fateor
964 3840 1012 3894 pro
1025 3823 1148 3891 amicitia,
1163 3843 1224 3897 quae

169 3937 240 3990 circa
253 3937 333 3990 amici
345 3944 445 3989 statum
457 3955 562 4008 semper
573 3936 686 3991 sollicita
699 3946 739 3991 est
751 3942 883 4009 quomodo
901 3960 943 3995 me
960 3942 1074 3996 habeam
1092 3945 1168 3996 vobis
1184 3944 1225 3997 in-

166 4056 281 4109 sinuare.
318 4054 371 4108 Sed
383 4072 465 4125 quum
476 4063 503 4107 et
513 4054 587 4108 aliud
600 4072 680 4125 super
692 4074 844 4127 erogavero,
859 4067 885 4111 et
897 4059 1015 4112 debitum
1029 4067 1055 4112 et
1067 4061 1166 4114 donum
1176 4078 1223 4114 vos

166 4175 298 4245 recepisse
315 4174 413 4230 sciatis.
453 4174 540 4228 Manu
555 4174 636 4246 igitur
649 4175 725 4298 Ιεῖξα
742 4185 769 4229 et
791 4178 863 4249 quod
880 4177 964 4233 debeo
983 4179 1092 4243 solvam,
1110 4188 1136 4233 et
1150 4181 1222 4250 quod
