<?xml version="1.0" encoding="UTF-8"?>
<!DOCTYPE html PUBLIC "-//W3C//DTD XHTML 1.0 Transitional//EN"
    "http://www.w3.org/TR/xhtml1/DTD/xhtml1-transitional.dtd">
<html xmlns="http://www.w3.org/1999/xhtml" xml:lang="en" lang="en">
 <head>
  <title>
</title>
<meta http-equiv="Content-Type" content="text/html;charset=utf-8" />
  <meta name='ocr-system' content='tesseract 3.04.00' />
  <meta name='ocr-capabilities' content='ocr_page ocr_carea ocr_par ocr_line ocrx_word'/>
</head>
<body>
  <div class='ocr_page' id='page_1' title='image "./walteriabbatisd00messgoog_0091.png"; bbox 0 0 3100 5192; ppageno 0'>
   <div class='ocr_carea' id='block_1_1' title="bbox 318 443 935 504">
    <p class='ocr_par' dir='ltr' id='par_1_1' title="bbox 318 443 935 504">
     <span class='ocr_line' id='line_1_1' title="bbox 318 443 935 504; baseline -0.011 0"><span class='ocrx_word' id='word_1_1' title='bbox 318 449 357 504; x_wconf 68' lang='lat' dir='ltr'><strong>m</strong></span> <span class='ocrx_word' id='word_1_2' title='bbox 758 443 794 497; x_wconf 83' lang='lat' dir='ltr'><strong>G.</strong></span> <span class='ocrx_word' id='word_1_3' title='bbox 811 443 935 501; x_wconf 73' lang='lat' dir='ltr'><strong>Assaria</strong></span> 
     </span>
    </p>
   </div>
   <div class='ocr_carea' id='block_1_2' title="bbox 320 592 1390 3049">
    <p class='ocr_par' dir='ltr' id='par_1_2' title="bbox 320 592 1386 2454">
     <span class='ocr_line' id='line_1_2' title="bbox 321 592 1385 673; baseline -0.007 -18"><span class='ocrx_word' id='word_1_4' title='bbox 321 598 584 673; x_wconf 74' lang='lat' dir='ltr'><strong>dispergenturovea</strong></span> <span class='ocrx_word' id='word_1_5' title='bbox 596 595 694 668; x_wconf 74' lang='lat' dir='ltr'><strong>gregis.</strong></span> <span class='ocrx_word' id='word_1_6' title='bbox 730 596 804 657; x_wconf 74' lang='lat' dir='ltr'><strong>Quid</strong></span> <span class='ocrx_word' id='word_1_7' title='bbox 816 605 904 653; x_wconf 80' lang='lat' dir='ltr'><strong>autam</strong></span> <span class='ocrx_word' id='word_1_8' title='bbox 921 595 1015 651; x_wconf 85' lang='lat' dir='ltr'><strong>borum</strong></span> <span class='ocrx_word' id='word_1_9' title='bbox 1033 595 1149 666; x_wconf 58' lang='grc' dir='ltr'><strong>μανίαι,</strong></span> <span class='ocrx_word' id='word_1_10' title='bbox 1167 592 1304 666; x_wconf 80' lang='lat' dir='ltr'><strong>percussio</strong></span> <span class='ocrx_word' id='word_1_11' title='bbox 1322 595 1385 665; x_wconf 86' lang='lat' dir='ltr'><strong>pas·</strong></span> 
     </span>
     <span class='ocr_line' id='line_1_3' title="bbox 320 711 1382 788; baseline -0.007 -16"><span class='ocrx_word' id='word_1_12' title='bbox 320 717 387 772; x_wconf 85' lang='lat' dir='ltr'><strong>toris</strong></span> <span class='ocrx_word' id='word_1_13' title='bbox 404 722 440 771; x_wconf 81' lang='lat' dir='ltr'><strong>sn</strong></span> <span class='ocrx_word' id='word_1_14' title='bbox 457 715 587 788; x_wconf 81' lang='lat' dir='ltr'><strong>dispersio</strong></span> <span class='ocrx_word' id='word_1_15' title='bbox 604 713 712 787; x_wconf 76' lang='lat' dir='ltr'><strong>gregis?</strong></span> <span class='ocrx_word' id='word_1_16' title='bbox 734 714 868 785; x_wconf 83' lang='lat' dir='ltr'><strong>Equidem</strong></span> <span class='ocrx_word' id='word_1_17' title='bbox 886 714 990 767; x_wconf 79' lang='lat' dir='ltr'><strong>divisim</strong></span> <span class='ocrx_word' id='word_1_18' title='bbox 1009 714 1066 767; x_wconf 88' lang='lat' dir='ltr'><strong>sine</strong></span> <span class='ocrx_word' id='word_1_19' title='bbox 1085 712 1167 766; x_wconf 90' lang='lat' dir='ltr'><strong>dubio</strong></span> <span class='ocrx_word' id='word_1_20' title='bbox 1186 711 1300 767; x_wconf 86' lang='lat' dir='ltr'><strong>alterum</strong></span> <span class='ocrx_word' id='word_1_21' title='bbox 1316 713 1382 766; x_wconf 80' lang='lat' dir='ltr'><strong>satis</strong></span> 
     </span>
     <span class='ocr_line' id='line_1_4' title="bbox 321 829 1384 909; baseline -0.005 -19"><span class='ocrx_word' id='word_1_22' title='bbox 321 841 413 909; x_wconf 62' lang='lat' dir='ltr'><strong>graue</strong></span> <span class='ocrx_word' id='word_1_23' title='bbox 428 834 508 890; x_wconf 86' lang='lat' dir='ltr'><strong>simul</strong></span> <span class='ocrx_word' id='word_1_24' title='bbox 525 853 588 889; x_wconf 83' lang='lat' dir='ltr'><strong>vero</strong></span> <span class='ocrx_word' id='word_1_25' title='bbox 603 842 747 906; x_wconf 87' lang='lat' dir='ltr'><strong>utrumque</strong></span> <span class='ocrx_word' id='word_1_26' title='bbox 765 852 835 906; x_wconf 89' lang='lat' dir='ltr'><strong>pene</strong></span> <span class='ocrx_word' id='word_1_27' title='bbox 853 834 981 887; x_wconf 86' lang='lat' dir='ltr'><strong>damnum</strong></span> <span class='ocrx_word' id='word_1_28' title='bbox 999 832 1173 887; x_wconf 81' lang='lat' dir='ltr'><strong>intolerabile.</strong></span> <span class='ocrx_word' id='word_1_29' title='bbox 1210 829 1384 886; x_wconf 73' lang='lat' dir='ltr'><strong>immorabor</strong></span> 
     </span>
     <span class='ocr_line' id='line_1_5' title="bbox 323 948 1383 1029; baseline -0.006 -18"><span class='ocrx_word' id='word_1_30' title='bbox 323 955 406 1029; x_wconf 83' lang='lat' dir='ltr'><strong>lgitnr</strong></span> <span class='ocrx_word' id='word_1_31' title='bbox 422 955 576 1029; x_wconf 84' lang='lat' dir='ltr'><strong>plangendo</strong></span> <span class='ocrx_word' id='word_1_32' title='bbox 593 955 676 1027; x_wconf 85' lang='lat' dir='ltr'><strong>patris</strong></span> <span class='ocrx_word' id='word_1_33' title='bbox 698 956 858 1027; x_wconf 87' lang='lat' dir='ltr'><strong>passionem,</strong></span> <span class='ocrx_word' id='word_1_34' title='bbox 878 972 912 1008; x_wconf 89' lang='lat' dir='ltr'><strong>an</strong></span> <span class='ocrx_word' id='word_1_35' title='bbox 931 971 1078 1025; x_wconf 87' lang='lat' dir='ltr'><strong>consequar</strong></span> <span class='ocrx_word' id='word_1_36' title='bbox 1095 950 1248 1007; x_wconf 83' lang='lat' dir='ltr'><strong>revocando</strong></span> <span class='ocrx_word' id='word_1_37' title='bbox 1266 948 1383 1005; x_wconf 77' lang='lat' dir='ltr'><strong>fratrum</strong></span> 
     </span>
     <span class='ocr_line' id='line_1_6' title="bbox 324 1068 1383 1145; baseline -0.007 -13"><span class='ocrx_word' id='word_1_38' title='bbox 324 1076 592 1132; x_wconf 71' lang='lat' dir='ltr'><strong>eitermiuationemt</strong></span> <span class='ocrx_word' id='word_1_39' title='bbox 609 1076 670 1140; x_wconf 84' lang='lat' dir='ltr'><strong>Sed,</strong></span> <span class='ocrx_word' id='word_1_40' title='bbox 682 1083 818 1129; x_wconf 79' lang='lat' dir='ltr'><strong>utrarum</strong></span> <span class='ocrx_word' id='word_1_41' title='bbox 831 1074 924 1140; x_wconf 86' lang='lat' dir='ltr'><strong>fatear,</strong></span> <span class='ocrx_word' id='word_1_42' title='bbox 937 1080 1088 1145; x_wconf 89' lang='lat' dir='ltr'><strong>utrumque,</strong></span> <span class='ocrx_word' id='word_1_43' title='bbox 1100 1072 1123 1125; x_wconf 84' lang='lat' dir='ltr'><strong>si</strong></span> <span class='ocrx_word' id='word_1_44' title='bbox 1134 1068 1278 1145; x_wconf 80' lang='lat' dir='ltr'><strong>utrumque</strong></span> <span class='ocrx_word' id='word_1_45' title='bbox 1297 1072 1383 1125; x_wconf 81' lang='lat' dir='ltr'><strong>conti·</strong></span> 
     </span>
     <span class='ocr_line' id='line_1_7' title="bbox 322 1170 1383 1267; baseline -0.008 -16"><span class='ocrx_word' id='word_1_46' title='bbox 322 1192 403 1267; x_wconf 78' lang='lat' dir='ltr'><strong>gerit,</strong></span> <span class='ocrx_word' id='word_1_47' title='bbox 420 1182 527 1267; x_wconf 81' lang='lat' dir='ltr'><strong>lugebo.</strong></span> <span class='ocrx_word' id='word_1_48' title='bbox 571 1194 623 1247; x_wconf 90' lang='lat' dir='ltr'><strong>Sed</strong></span> <span class='ocrx_word' id='word_1_49' title='bbox 641 1194 754 1248; x_wconf 80' lang='lat' dir='ltr'><strong>alterum</strong></span> <span class='ocrx_word' id='word_1_50' title='bbox 773 1191 953 1257; x_wconf 76' lang='lat' dir='ltr'><strong>affectuosius,</strong></span> <span class='ocrx_word' id='word_1_51' title='bbox 971 1191 1083 1245; x_wconf 86' lang='lat' dir='ltr'><strong>alterum</strong></span> <span class='ocrx_word' id='word_1_52' title='bbox 1099 1176 1273 1245; x_wconf 76' lang='lat' dir='ltr'><strong>ambitiosius.</strong></span> <span class='ocrx_word' id='word_1_53' title='bbox 1309 1170 1383 1244; x_wconf 75' lang='lat' dir='ltr'><strong>liam</strong></span> 
     </span>
     <span class='ocr_line' id='line_1_8' title="bbox 322 1307 1382 1389; baseline -0.008 -19"><span class='ocrx_word' id='word_1_54' title='bbox 322 1314 395 1389; x_wconf 78' lang='lat' dir='ltr'><strong>p&#39;stsi</strong></span> <span class='ocrx_word' id='word_1_55' title='bbox 406 1314 514 1368; x_wconf 72' lang='lat' dir='ltr'><strong>uberim</strong></span> <span class='ocrx_word' id='word_1_56' title='bbox 525 1313 650 1367; x_wconf 82' lang='lat' dir='ltr'><strong>lacrimas</strong></span> <span class='ocrx_word' id='word_1_57' title='bbox 661 1312 822 1384; x_wconf 76' lang='lat' dir='ltr'><strong>profundam</strong></span> <span class='ocrx_word' id='word_1_58' title='bbox 833 1310 966 1366; x_wconf 81' lang='lat' dir='ltr'><strong>laboranti</strong></span> <span class='ocrx_word' id='word_1_59' title='bbox 978 1312 1007 1367; x_wconf 88' lang='lat' dir='ltr'><strong>in</strong></span> <span class='ocrx_word' id='word_1_60' title='bbox 1019 1310 1126 1365; x_wconf 82' lang='lat' dir='ltr'><strong>deiectu</strong></span> <span class='ocrx_word' id='word_1_61' title='bbox 1141 1318 1260 1376; x_wconf 78' lang='lat' dir='ltr'><strong>naturae3</strong></span> <span class='ocrx_word' id='word_1_62' title='bbox 1289 1307 1382 1363; x_wconf 59' lang='lat' dir='ltr'><strong>fratri*</strong></span> 
     </span>
     <span class='ocr_line' id='line_1_9' title="bbox 321 1424 1385 1503; baseline -0.008 -14"><span class='ocrx_word' id='word_1_63' title='bbox 321 1436 372 1489; x_wconf 73' lang='lat' dir='ltr'><strong>ltus</strong></span> <span class='ocrx_word' id='word_1_64' title='bbox 384 1434 504 1490; x_wconf 82' lang='lat' dir='ltr'><strong>emittam</strong></span> <span class='ocrx_word' id='word_1_65' title='bbox 516 1431 645 1487; x_wconf 88' lang='lat' dir='ltr'><strong>intentius</strong></span> <span class='ocrx_word' id='word_1_66' title='bbox 657 1432 879 1503; x_wconf 82' lang='lat' dir='ltr'><strong>redargutionum</strong></span> <span class='ocrx_word' id='word_1_67' title='bbox 892 1431 1000 1503; x_wconf 76' lang='lat' dir='ltr'><strong>sagittam</strong></span> <span class='ocrx_word' id='word_1_68' title='bbox 1011 1439 1119 1503; x_wconf 87' lang='lat' dir='ltr'><strong>propter</strong></span> <span class='ocrx_word' id='word_1_69' title='bbox 1131 1446 1270 1484; x_wconf 76' lang='lat' dir='ltr'><strong>excessum</strong></span> <span class='ocrx_word' id='word_1_70' title='bbox 1284 1424 1385 1499; x_wconf 69' lang='lat' dir='ltr'><strong>culp&#39;ae.</strong></span> 
     </span>
     <span class='ocr_line' id='line_1_10' title="bbox 324 1514 1386 1625; baseline -0.004 -19"><span class='ocrx_word' id='word_1_71' title='bbox 324 1514 429 1607; x_wconf 68' lang='lat' dir='ltr'><strong>diariis</strong></span> <span class='ocrx_word' id='word_1_72' title='bbox 440 1567 537 1625; x_wconf 81' lang='lat' dir='ltr'><strong>nempe</strong></span> <span class='ocrx_word' id='word_1_73' title='bbox 548 1559 653 1606; x_wconf 73' lang='lat' dir='ltr'><strong>natine</strong></span> <span class='ocrx_word' id='word_1_74' title='bbox 674 1552 894 1625; x_wconf 85' lang='lat' dir='ltr'><strong>compassionem,</strong></span> <span class='ocrx_word' id='word_1_75' title='bbox 909 1550 1070 1622; x_wconf 86' lang='lat' dir='ltr'><strong>corruptioni</strong></span> <span class='ocrx_word' id='word_1_76' title='bbox 1088 1549 1237 1603; x_wconf 78' lang='lat' dir='ltr'><strong>animarum</strong></span> <span class='ocrx_word' id='word_1_77' title='bbox 1255 1547 1386 1602; x_wconf 77' lang='lat' dir='ltr'><strong>debemus</strong></span> 
     </span>
     <span class='ocr_line' id='line_1_11' title="bbox 324 1662 1384 1743; baseline -0.006 -17"><span class='ocrx_word' id='word_1_78' title='bbox 324 1670 570 1743; x_wconf 74' lang='lat' dir='ltr'><strong>reprehensionem.</strong></span> <span class='ocrx_word' id='word_1_79' title='bbox 606 1671 750 1736; x_wconf 75' lang='lat' dir='ltr'><strong>condoleo,</strong></span> <span class='ocrx_word' id='word_1_80' title='bbox 763 1671 830 1727; x_wconf 85' lang='lat' dir='ltr'><strong>durn</strong></span> <span class='ocrx_word' id='word_1_81' title='bbox 842 1688 896 1725; x_wconf 91' lang='lat' dir='ltr'><strong>non</strong></span> <span class='ocrx_word' id='word_1_82' title='bbox 908 1670 1094 1743; x_wconf 87' lang='lat' dir='ltr'><strong>imputandum</strong></span> <span class='ocrx_word' id='word_1_83' title='bbox 1108 1676 1148 1722; x_wconf 89' lang='lat' dir='ltr'><strong>est</strong></span> <span class='ocrx_word' id='word_1_84' title='bbox 1159 1666 1225 1733; x_wconf 84' lang='lat' dir='ltr'><strong>seni,</strong></span> <span class='ocrx_word' id='word_1_85' title='bbox 1237 1666 1262 1721; x_wconf 90' lang='lat' dir='ltr'><strong>si</strong></span> <span class='ocrx_word' id='word_1_86' title='bbox 1280 1662 1384 1739; x_wconf 79' lang='lat' dir='ltr'><strong>egredi-</strong></span> 
     </span>
     <span class='ocr_line' id='line_1_12' title="bbox 324 1784 1386 1860; baseline -0.004 -17"><span class='ocrx_word' id='word_1_87' title='bbox 324 1796 373 1843; x_wconf 82' lang='lat' dir='ltr'><strong>tur</strong></span> <span class='ocrx_word' id='word_1_88' title='bbox 389 1786 536 1854; x_wconf 81' lang='lat' dir='ltr'><strong>mundum3</strong></span> <span class='ocrx_word' id='word_1_89' title='bbox 562 1788 750 1859; x_wconf 78' lang='lat' dir='ltr'><strong>imputandum</strong></span> <span class='ocrx_word' id='word_1_90' title='bbox 767 1788 812 1842; x_wconf 87' lang='lat' dir='ltr'><strong>vel</strong></span> <span class='ocrx_word' id='word_1_91' title='bbox 827 1788 917 1860; x_wconf 84' lang='lat' dir='ltr'><strong>potius</strong></span> <span class='ocrx_word' id='word_1_92' title='bbox 932 1785 1125 1859; x_wconf 86' lang='lat' dir='ltr'><strong>amputandum</strong></span> <span class='ocrx_word' id='word_1_93' title='bbox 1142 1785 1171 1839; x_wconf 91' lang='lat' dir='ltr'><strong>in</strong></span> <span class='ocrx_word' id='word_1_94' title='bbox 1188 1784 1386 1851; x_wconf 62' lang='lat' dir='ltr'><strong>Christianam</strong></span> 
     </span>
     <span class='ocr_line' id='line_1_13' title="bbox 323 1898 1386 1979; baseline -0.004 -18"><span class='ocrx_word' id='word_1_95' title='bbox 323 1918 468 1979; x_wconf 71' lang='lat' dir='ltr'><strong>unumpate</strong></span> <span class='ocrx_word' id='word_1_96' title='bbox 478 1912 565 1962; x_wconf 76' lang='lat' dir='ltr'><strong>nutat</strong></span> <span class='ocrx_word' id='word_1_97' title='bbox 582 1906 734 1961; x_wconf 74' lang='lat' dir='ltr'><strong>dilectionis</strong></span> <span class='ocrx_word' id='word_1_98' title='bbox 751 1906 899 1960; x_wconf 90' lang='lat' dir='ltr'><strong>vinculum.</strong></span> <span class='ocrx_word' id='word_1_99' title='bbox 944 1906 984 1960; x_wconf 83' lang='lat' dir='ltr'><strong>Re</strong></span> <span class='ocrx_word' id='word_1_100' title='bbox 1000 1906 1112 1977; x_wconf 86' lang='lat' dir='ltr'><strong>integra,</strong></span> <span class='ocrx_word' id='word_1_101' title='bbox 1131 1904 1227 1961; x_wconf 75' lang='lat' dir='ltr'><strong>fratres</strong></span> <span class='ocrx_word' id='word_1_102' title='bbox 1244 1898 1386 1969; x_wconf 84' lang='lat' dir='ltr'><strong>carissimi,</strong></span> 
     </span>
     <span class='ocr_line' id='line_1_14' title="bbox 325 2019 1386 2097; baseline -0.003 -17"><span class='ocrx_word' id='word_1_103' title='bbox 325 2024 453 2080; x_wconf 77' lang='lat' dir='ltr'><strong>nondum</strong></span> <span class='ocrx_word' id='word_1_104' title='bbox 464 2023 633 2079; x_wconf 82' lang='lat' dir='ltr'><strong>imminentia</strong></span> <span class='ocrx_word' id='word_1_105' title='bbox 643 2024 773 2081; x_wconf 80' lang='lat' dir='ltr'><strong>lucrosius</strong></span> <span class='ocrx_word' id='word_1_106' title='bbox 786 2023 920 2079; x_wconf 85' lang='lat' dir='ltr'><strong>evitantur</strong></span> <span class='ocrx_word' id='word_1_107' title='bbox 936 2022 1063 2097; x_wconf 88' lang='lat' dir='ltr'><strong>pericula,</strong></span> <span class='ocrx_word' id='word_1_108' title='bbox 1076 2023 1099 2077; x_wconf 89' lang='lat' dir='ltr'><strong>si</strong></span> <span class='ocrx_word' id='word_1_109' title='bbox 1115 2022 1231 2077; x_wconf 79' lang='lat' dir='ltr'><strong>adiuerit</strong></span> <span class='ocrx_word' id='word_1_110' title='bbox 1247 2030 1274 2077; x_wconf 90' lang='lat' dir='ltr'><strong>et</strong></span> <span class='ocrx_word' id='word_1_111' title='bbox 1292 2019 1386 2077; x_wconf 66' lang='lat' dir='ltr'><strong>nomin</strong></span> 
     </span>
     <span class='ocr_line' id='line_1_15' title="bbox 326 2140 1384 2219; baseline -0.005 -19"><span class='ocrx_word' id='word_1_112' title='bbox 326 2145 508 2219; x_wconf 74' lang='lat' dir='ltr'><strong>pmvidentire</strong></span> <span class='ocrx_word' id='word_1_113' title='bbox 520 2155 547 2200; x_wconf 92' lang='lat' dir='ltr'><strong>et</strong></span> <span class='ocrx_word' id='word_1_114' title='bbox 557 2162 653 2201; x_wconf 75' lang='lat' dir='ltr'><strong>maniis</strong></span> <span class='ocrx_word' id='word_1_115' title='bbox 663 2142 801 2217; x_wconf 75' lang='lat' dir='ltr'><strong>vigilantis</strong></span> <span class='ocrx_word' id='word_1_116' title='bbox 813 2144 934 2199; x_wconf 76' lang='lat' dir='ltr'><strong>cautela.</strong></span> <span class='ocrx_word' id='word_1_117' title='bbox 970 2144 1053 2198; x_wconf 84' lang='lat' dir='ltr'><strong>Casus</strong></span> <span class='ocrx_word' id='word_1_118' title='bbox 1064 2140 1173 2198; x_wconf 79' lang='lat' dir='ltr'><strong>tortium</strong></span> <span class='ocrx_word' id='word_1_119' title='bbox 1186 2150 1283 2197; x_wconf 88' lang='lat' dir='ltr'><strong>terrere</strong></span> <span class='ocrx_word' id='word_1_120' title='bbox 1301 2140 1384 2197; x_wconf 87' lang='lat' dir='ltr'><strong>debet</strong></span> 
     </span>
     <span class='ocr_line' id='line_1_16' title="bbox 325 2264 633 2335; baseline -0.006 -16"><span class='ocrx_word' id='word_1_121' title='bbox 325 2264 465 2319; x_wconf 64' lang='lat' dir='ltr'><strong>mnam</strong></span> <span class='ocrx_word' id='word_1_122' title='bbox 476 2280 633 2335; x_wconf 80' lang='lat' dir='ltr'><strong>pauperum,</strong></span> 
     </span>
     <span class='ocr_line' id='line_1_17' title="bbox 497 2379 1216 2454; baseline 0.001 -20"><span class='ocrx_word' id='word_1_123' title='bbox 497 2379 572 2434; x_wconf 72' lang='lat' dir='ltr'><strong>liam</strong></span> <span class='ocrx_word' id='word_1_124' title='bbox 583 2389 631 2435; x_wconf 87' lang='lat' dir='ltr'><strong>tua</strong></span> <span class='ocrx_word' id='word_1_125' title='bbox 641 2396 684 2433; x_wconf 86' lang='lat' dir='ltr'><strong>res</strong></span> <span class='ocrx_word' id='word_1_126' title='bbox 696 2381 792 2451; x_wconf 87' lang='lat' dir='ltr'><strong>agitur,</strong></span> <span class='ocrx_word' id='word_1_127' title='bbox 805 2380 892 2454; x_wconf 85' lang='lat' dir='ltr'><strong>peries</strong></span> <span class='ocrx_word' id='word_1_128' title='bbox 905 2379 969 2435; x_wconf 82' lang='lat' dir='ltr'><strong>dum</strong></span> <span class='ocrx_word' id='word_1_129' title='bbox 980 2380 1118 2453; x_wconf 78' lang='lat' dir='ltr'><strong>proximus</strong></span> <span class='ocrx_word' id='word_1_130' title='bbox 1131 2380 1216 2435; x_wconf 88' lang='lat' dir='ltr'><strong>ardet.</strong></span> 
     </span>
    </p>

    <p class='ocr_par' dir='ltr' id='par_1_3' title="bbox 325 2479 1390 3049">
     <span class='ocr_line' id='line_1_18' title="bbox 361 2479 1388 2573; baseline 0 -19"><span class='ocrx_word' id='word_1_131' title='bbox 361 2498 570 2563; x_wconf 75' lang='lat' dir='ltr'><strong>Quantumlibet</strong></span> <span class='ocrx_word' id='word_1_132' title='bbox 592 2500 776 2573; x_wconf 80' lang='lat' dir='ltr'><strong>potentissima</strong></span> <span class='ocrx_word' id='word_1_133' title='bbox 800 2518 884 2572; x_wconf 83' lang='lat' dir='ltr'><strong>regns</strong></span> <span class='ocrx_word' id='word_1_134' title='bbox 906 2501 935 2555; x_wconf 89' lang='lat' dir='ltr'><strong>in</strong></span> <span class='ocrx_word' id='word_1_135' title='bbox 952 2500 1028 2555; x_wconf 88' lang='lat' dir='ltr'><strong>brevi</strong></span> <span class='ocrx_word' id='word_1_136' title='bbox 1046 2500 1246 2555; x_wconf 86' lang='lat' dir='ltr'><strong>contentionum</strong></span> <span class='ocrx_word' id='word_1_137' title='bbox 1260 2479 1388 2555; x_wconf 79' lang='lat' dir='ltr'><strong>¹molestia</strong></span> 
     </span>
     <span class='ocr_line' id='line_1_19' title="bbox 325 2616 1389 2691; baseline -0.004 -14"><span class='ocrx_word' id='word_1_138' title='bbox 325 2617 516 2677; x_wconf 63' lang='lat' dir='ltr'><strong>*succrescente</strong></span> <span class='ocrx_word' id='word_1_139' title='bbox 539 2629 676 2676; x_wconf 84' lang='lat' dir='ltr'><strong>corruunt.</strong></span> <span class='ocrx_word' id='word_1_140' title='bbox 712 2620 812 2675; x_wconf 88' lang='lat' dir='ltr'><strong>Mundi</strong></span> <span class='ocrx_word' id='word_1_141' title='bbox 836 2621 919 2691; x_wconf 87' lang='lat' dir='ltr'><strong>ipsius</strong></span> <span class='ocrx_word' id='word_1_142' title='bbox 937 2619 1061 2675; x_wconf 86' lang='lat' dir='ltr'><strong>machina</strong></span> <span class='ocrx_word' id='word_1_143' title='bbox 1078 2627 1148 2674; x_wconf 85' lang='lat' dir='ltr'><strong>stare</strong></span> <span class='ocrx_word' id='word_1_144' title='bbox 1165 2636 1219 2674; x_wconf 90' lang='lat' dir='ltr'><strong>non</strong></span> <span class='ocrx_word' id='word_1_145' title='bbox 1237 2616 1344 2691; x_wconf 87' lang='lat' dir='ltr'><strong>poterit,</strong></span> <span class='ocrx_word' id='word_1_146' title='bbox 1365 2619 1389 2673; x_wconf 84' lang='lat' dir='ltr'><strong>si</strong></span> 
     </span>
     <span class='ocr_line' id='line_1_20' title="bbox 327 2734 1390 2812; baseline -0.001 -18"><span class='ocrx_word' id='word_1_147' title='bbox 327 2739 523 2795; x_wconf 80' lang='lat' dir='ltr'><strong>elementorum</strong></span> <span class='ocrx_word' id='word_1_148' title='bbox 547 2740 776 2811; x_wconf 86' lang='lat' dir='ltr'><strong>contemperantia</strong></span> <span class='ocrx_word' id='word_1_149' title='bbox 799 2758 826 2793; x_wconf 90' lang='lat' dir='ltr'><strong>se</strong></span> <span class='ocrx_word' id='word_1_150' title='bbox 845 2740 1049 2793; x_wconf 71' lang='lat' dir='ltr'><strong>contrarbaverit.</strong></span> <span class='ocrx_word' id='word_1_151' title='bbox 1086 2734 1121 2794; x_wconf 88' lang='lat' dir='ltr'><strong>In</strong></span> <span class='ocrx_word' id='word_1_152' title='bbox 1139 2740 1261 2812; x_wconf 87' lang='lat' dir='ltr'><strong>proximo</strong></span> <span class='ocrx_word' id='word_1_153' title='bbox 1278 2738 1390 2793; x_wconf 78' lang='lat' dir='ltr'><strong>Clunia·</strong></span> 
     </span>
     <span class='ocr_line' id='line_1_21' title="bbox 329 2856 1389 2929; baseline 0 -18"><span class='ocrx_word' id='word_1_154' title='bbox 329 2856 417 2911; x_wconf 88' lang='lat' dir='ltr'><strong>censis</strong></span> <span class='ocrx_word' id='word_1_155' title='bbox 427 2857 539 2911; x_wconf 84' lang='lat' dir='ltr'><strong>ecclesia</strong></span> <span class='ocrx_word' id='word_1_156' title='bbox 551 2857 709 2927; x_wconf 87' lang='lat' dir='ltr'><strong>antiquitate</strong></span> <span class='ocrx_word' id='word_1_157' title='bbox 720 2857 814 2923; x_wconf 89' lang='lat' dir='ltr'><strong>senior,</strong></span> <span class='ocrx_word' id='word_1_158' title='bbox 825 2858 952 2929; x_wconf 88' lang='lat' dir='ltr'><strong>religione</strong></span> <span class='ocrx_word' id='word_1_159' title='bbox 960 2858 1114 2927; x_wconf 82' lang='lat' dir='ltr'><strong>ferventior,</strong></span> <span class='ocrx_word' id='word_1_160' title='bbox 1123 2876 1212 2913; x_wconf 90' lang='lat' dir='ltr'><strong>rerum</strong></span> <span class='ocrx_word' id='word_1_161' title='bbox 1221 2857 1389 2911; x_wconf 86' lang='lat' dir='ltr'><strong>abundantia</strong></span> 
     </span>
     <span class='ocr_line' id='line_1_22' title="bbox 332 2975 1389 3049; baseline -0.001 -19"><span class='ocrx_word' id='word_1_162' title='bbox 332 2976 444 3049; x_wconf 89' lang='lat' dir='ltr'><strong>plenior,</strong></span> <span class='ocrx_word' id='word_1_163' title='bbox 457 2976 627 3031; x_wconf 88' lang='lat' dir='ltr'><strong>multitudine</strong></span> <span class='ocrx_word' id='word_1_164' title='bbox 644 2978 816 3042; x_wconf 88' lang='lat' dir='ltr'><strong>numerosior,</strong></span> <span class='ocrx_word' id='word_1_165' title='bbox 835 2976 900 3048; x_wconf 90' lang='lat' dir='ltr'><strong>quid</strong></span> <span class='ocrx_word' id='word_1_166' title='bbox 915 2976 996 3031; x_wconf 84' lang='lat' dir='ltr'><strong>feciti</strong></span> <span class='ocrx_word' id='word_1_167' title='bbox 1016 2976 1177 3031; x_wconf 88' lang='lat' dir='ltr'><strong>Scandalnm</strong></span> <span class='ocrx_word' id='word_1_168' title='bbox 1194 2976 1320 3049; x_wconf 76' lang='lat' dir='ltr'><strong>pervadis,</strong></span> <span class='ocrx_word' id='word_1_169' title='bbox 1336 2975 1389 3047; x_wconf 89' lang='lat' dir='ltr'><strong>piis</strong></span> 
     </span>
    </p>
   </div>
   <div class='ocr_carea' id='block_1_3' title="bbox 333 3095 1386 3168">
    <p class='ocr_par' dir='ltr' id='par_1_4' title="bbox 333 3095 1386 3168">
     <span class='ocr_line' id='line_1_23' title="bbox 333 3095 1386 3168; baseline -0.002 -17"><span class='ocrx_word' id='word_1_170' title='bbox 333 3097 496 3163; x_wconf 86' lang='lat' dir='ltr'><strong>rnoestitiam,</strong></span> <span class='ocrx_word' id='word_1_171' title='bbox 508 3096 638 3167; x_wconf 87' lang='lat' dir='ltr'><strong>religiosis</strong></span> <span class='ocrx_word' id='word_1_172' title='bbox 649 3097 846 3162; x_wconf 80' lang='lat' dir='ltr'><strong>verecundiam,</strong></span> <span class='ocrx_word' id='word_1_173' title='bbox 861 3096 955 3150; x_wconf 85' lang='lat' dir='ltr'><strong>amicis</strong></span> <span class='ocrx_word' id='word_1_174' title='bbox 966 3095 1075 3168; x_wconf 87' lang='lat' dir='ltr'><strong>pudoris</strong></span> <span class='ocrx_word' id='word_1_175' title='bbox 1089 3096 1232 3167; x_wconf 71' lang='lat' dir='ltr'><strong>jacueram,</strong></span> <span class='ocrx_word' id='word_1_176' title='bbox 1250 3095 1386 3149; x_wconf 74' lang='lat' dir='ltr'><strong>universae</strong></span> 
     </span>
    </p>
   </div>
   <div class='ocr_carea' id='block_1_4' title="bbox 332 3213 1386 3285">
    <p class='ocr_par' dir='ltr' id='par_1_5' title="bbox 332 3213 1386 3285">
     <span class='ocr_line' id='line_1_24' title="bbox 332 3213 1386 3285; baseline -0.004 -15"><span class='ocrx_word' id='word_1_177' title='bbox 332 3216 454 3271; x_wconf 72' lang='lat' dir='ltr'><strong>ecclesia</strong></span> <span class='ocrx_word' id='word_1_178' title='bbox 474 3216 595 3269; x_wconf 85' lang='lat' dir='ltr'><strong>velamen</strong></span> <span class='ocrx_word' id='word_1_179' title='bbox 614 3215 754 3285; x_wconf 88' lang='lat' dir='ltr'><strong>opprobrii.</strong></span> <span class='ocrx_word' id='word_1_180' title='bbox 791 3216 845 3269; x_wconf 90' lang='lat' dir='ltr'><strong>Ubi</strong></span> <span class='ocrx_word' id='word_1_181' title='bbox 864 3217 935 3267; x_wconf 90' lang='lat' dir='ltr'><strong>enim</strong></span> <span class='ocrx_word' id='word_1_182' title='bbox 954 3215 1069 3268; x_wconf 89' lang='lat' dir='ltr'><strong>ambitur</strong></span> <span class='ocrx_word' id='word_1_183' title='bbox 1086 3213 1172 3268; x_wconf 90' lang='lat' dir='ltr'><strong>honor</strong></span> <span class='ocrx_word' id='word_1_184' title='bbox 1189 3213 1316 3267; x_wconf 88' lang='lat' dir='ltr'><strong>secularis</strong></span> <span class='ocrx_word' id='word_1_185' title='bbox 1335 3214 1386 3267; x_wconf 85' lang='lat' dir='ltr'><strong>sub</strong></span> 
     </span>
    </p>
   </div>
   <div class='ocr_carea' id='block_1_5' title="bbox 283 3332 1392 3642">
    <p class='ocr_par' dir='ltr' id='par_1_6' title="bbox 283 3332 1392 3642">
     <span class='ocr_line' id='line_1_25' title="bbox 332 3332 1386 3406; baseline -0.003 -16"><span class='ocrx_word' id='word_1_186' title='bbox 332 3343 489 3406; x_wconf 82' lang='lat' dir='ltr'><strong>tegumento</strong></span> <span class='ocrx_word' id='word_1_187' title='bbox 511 3333 657 3403; x_wconf 88' lang='lat' dir='ltr'><strong>religionis,</strong></span> <span class='ocrx_word' id='word_1_188' title='bbox 677 3334 784 3404; x_wconf 84' lang='lat' dir='ltr'><strong>quando</strong></span> <span class='ocrx_word' id='word_1_189' title='bbox 803 3334 836 3386; x_wconf 90' lang='lat' dir='ltr'><strong>ab</strong></span> <span class='ocrx_word' id='word_1_190' title='bbox 855 3333 949 3386; x_wconf 87' lang='lat' dir='ltr'><strong>eodem</strong></span> <span class='ocrx_word' id='word_1_191' title='bbox 967 3334 1099 3387; x_wconf 84' lang='lat' dir='ltr'><strong>arcebitur</strong></span> <span class='ocrx_word' id='word_1_192' title='bbox 1117 3332 1215 3389; x_wconf 87' lang='lat' dir='ltr'><strong>crudus</strong></span> <span class='ocrx_word' id='word_1_193' title='bbox 1232 3334 1338 3388; x_wconf 89' lang='lat' dir='ltr'><strong>animus</strong></span> <span class='ocrx_word' id='word_1_194' title='bbox 1354 3334 1386 3387; x_wconf 89' lang='lat' dir='ltr'><strong>in</strong></span> 
     </span>
     <span class='ocr_line' id='line_1_26' title="bbox 283 3421 1392 3533; baseline 0 -29"><span class='ocrx_word' id='word_1_195' title='bbox 283 3492 286 3495; x_wconf 89' lang='grc'><strong>.</strong></span> <span class='ocrx_word' id='word_1_196' title='bbox 336 3448 670 3533; x_wconf 77' lang='lat' dir='ltr'><strong>mamriutedilectionist</strong></span> <span class='ocrx_word' id='word_1_197' title='bbox 687 3421 1136 3523; x_wconf 67' lang='lat' dir='ltr'><strong>sirafavusmeinsaeesaequn</strong></span> <span class='ocrx_word' id='word_1_198' title='bbox 1149 3440 1392 3521; x_wconf 76' lang='lat' dir='ltr'><strong>absynthiiimari-</strong></span> 
     </span>
     <span class='ocr_line' id='line_1_27' title="bbox 335 3569 1389 3642; baseline -0.002 -17"><span class='ocrx_word' id='word_1_199' title='bbox 335 3569 421 3625; x_wconf 79' lang='lat' dir='ltr'><strong>tudo?</strong></span> <span class='ocrx_word' id='word_1_200' title='bbox 441 3570 512 3642; x_wconf 70' lang='lat' dir='ltr'><strong>quid</strong></span> <span class='ocrx_word' id='word_1_201' title='bbox 524 3569 593 3626; x_wconf 88' lang='lat' dir='ltr'><strong>aceti</strong></span> <span class='ocrx_word' id='word_1_202' title='bbox 603 3569 812 3625; x_wconf 79' lang='lat' dir='ltr'><strong>faeietaeredot</strong></span> <span class='ocrx_word' id='word_1_203' title='bbox 838 3569 1010 3625; x_wconf 86' lang='lat' dir='ltr'><strong>Proverbinm</strong></span> <span class='ocrx_word' id='word_1_204' title='bbox 1026 3577 1081 3625; x_wconf 87' lang='lat' dir='ltr'><strong>est:</strong></span> <span class='ocrx_word' id='word_1_205' title='bbox 1107 3570 1232 3625; x_wconf 77' lang='lat' dir='ltr'><strong>Suaviter</strong></span> <span class='ocrx_word' id='word_1_206' title='bbox 1247 3570 1389 3641; x_wconf 81' lang='lat' dir='ltr'><strong>corrigitur</strong></span> 
     </span>
    </p>
   </div>
   <div class='ocr_carea' id='block_1_6' title="bbox 334 3678 1391 3880">
    <p class='ocr_par' dir='ltr' id='par_1_7' title="bbox 334 3678 1391 3880">
     <span class='ocr_line' id='line_1_28' title="bbox 336 3678 1391 3764; baseline -0.002 -19"><span class='ocrx_word' id='word_1_207' title='bbox 336 3693 384 3764; x_wconf 90' lang='lat' dir='ltr'><strong>qui</strong></span> <span class='ocrx_word' id='word_1_208' title='bbox 398 3691 523 3763; x_wconf 84' lang='lat' dir='ltr'><strong>exemplo</strong></span> <span class='ocrx_word' id='word_1_209' title='bbox 534 3678 648 3746; x_wconf 87' lang='lat' dir='ltr'><strong>aliorum</strong></span> <span class='ocrx_word' id='word_1_210' title='bbox 660 3691 825 3745; x_wconf 88' lang='lat' dir='ltr'><strong>emendatur.</strong></span> <span class='ocrx_word' id='word_1_211' title='bbox 862 3690 974 3745; x_wconf 87' lang='lat' dir='ltr'><strong>Maneat</strong></span> <span class='ocrx_word' id='word_1_212' title='bbox 985 3692 1067 3762; x_wconf 90' lang='lat' dir='ltr'><strong>igitur</strong></span> <span class='ocrx_word' id='word_1_213' title='bbox 1077 3691 1105 3745; x_wconf 91' lang='lat' dir='ltr'><strong>in</strong></span> <span class='ocrx_word' id='word_1_214' title='bbox 1125 3690 1200 3745; x_wconf 77' lang='lat' dir='ltr'><strong>uobis</strong></span> <span class='ocrx_word' id='word_1_215' title='bbox 1219 3690 1316 3754; x_wconf 78' lang='lat' dir='ltr'><strong>unitas,</strong></span> <span class='ocrx_word' id='word_1_216' title='bbox 1334 3700 1391 3761; x_wconf 80' lang='lat' dir='ltr'><strong>pax</strong></span> 
     </span>
     <span class='ocr_line' id='line_1_29' title="bbox 334 3804 1385 3880; baseline -0.003 -17"><span class='ocrx_word' id='word_1_217' title='bbox 334 3818 363 3864; x_wconf 87' lang='lat' dir='ltr'><strong>et</strong></span> <span class='ocrx_word' id='word_1_218' title='bbox 374 3810 523 3874; x_wconf 87' lang='lat' dir='ltr'><strong>concordia,</strong></span> <span class='ocrx_word' id='word_1_219' title='bbox 534 3818 566 3863; x_wconf 89' lang='lat' dir='ltr'><strong>nt</strong></span> <span class='ocrx_word' id='word_1_220' title='bbox 579 3808 608 3863; x_wconf 88' lang='lat' dir='ltr'><strong>id</strong></span> <span class='ocrx_word' id='word_1_221' title='bbox 619 3809 710 3880; x_wconf 89' lang='lat' dir='ltr'><strong>ipsum</strong></span> <span class='ocrx_word' id='word_1_222' title='bbox 722 3807 817 3863; x_wconf 88' lang='lat' dir='ltr'><strong>dicatis</strong></span> <span class='ocrx_word' id='word_1_223' title='bbox 830 3826 921 3862; x_wconf 89' lang='lat' dir='ltr'><strong>omnes</strong></span> <span class='ocrx_word' id='word_1_224' title='bbox 934 3816 960 3863; x_wconf 90' lang='lat' dir='ltr'><strong>et</strong></span> <span class='ocrx_word' id='word_1_225' title='bbox 971 3826 1026 3863; x_wconf 89' lang='lat' dir='ltr'><strong>non</strong></span> <span class='ocrx_word' id='word_1_226' title='bbox 1039 3808 1133 3863; x_wconf 86' lang='lat' dir='ltr'><strong>sintin</strong></span> <span class='ocrx_word' id='word_1_227' title='bbox 1146 3808 1220 3862; x_wconf 85' lang='lat' dir='ltr'><strong>vobis</strong></span> <span class='ocrx_word' id='word_1_228' title='bbox 1229 3804 1385 3861; x_wconf 80' lang='lat' dir='ltr'><strong>schismata.</strong></span> 
     </span>
    </p>
   </div>
   <div class='ocr_carea' id='block_1_7' title="bbox 334 3926 1390 4008">
    <p class='ocr_par' dir='ltr' id='par_1_8' title="bbox 334 3926 1390 4008">
     <span class='ocr_line' id='line_1_30' title="bbox 334 3926 1390 4008; baseline -0.003 -26"><span class='ocrx_word' id='word_1_229' title='bbox 334 3926 471 3991; x_wconf 77' lang='lat' dir='ltr'><strong>Quamdiu</strong></span> <span class='ocrx_word' id='word_1_230' title='bbox 481 3935 585 4008; x_wconf 83' lang='lat' dir='ltr'><strong>patrem</strong></span> <span class='ocrx_word' id='word_1_231' title='bbox 597 3935 723 3993; x_wconf 86' lang='lat' dir='ltr'><strong>vestrum,</strong></span> <span class='ocrx_word' id='word_1_232' title='bbox 738 3928 820 3981; x_wconf 88' lang='lat' dir='ltr'><strong>immo</strong></span> <span class='ocrx_word' id='word_1_233' title='bbox 832 3934 959 3994; x_wconf 83' lang='lat' dir='ltr'><strong>nostrum,</strong></span> <span class='ocrx_word' id='word_1_234' title='bbox 971 3927 1111 3983; x_wconf 75' lang='lat' dir='ltr'><strong>vobiscum</strong></span> <span class='ocrx_word' id='word_1_235' title='bbox 1128 3928 1242 3983; x_wconf 82' lang='lat' dir='ltr'><strong>retinere</strong></span> <span class='ocrx_word' id='word_1_236' title='bbox 1260 3926 1390 3999; x_wconf 82' lang='lat' dir='ltr'><strong>poteritis,</strong></span> 
     </span>
    </p>
   </div>
   <div class='ocr_carea' id='block_1_8' title="bbox 332 4047 1393 4125">
    <p class='ocr_par' dir='ltr' id='par_1_9' title="bbox 332 4047 1393 4125">
     <span class='ocr_line' id='line_1_31' title="bbox 332 4047 1393 4125; baseline -0.003 -19"><span class='ocrx_word' id='word_1_237' title='bbox 332 4050 418 4109; x_wconf 70' lang='lat' dir='ltr'><strong>etium</strong></span> <span class='ocrx_word' id='word_1_238' title='bbox 429 4060 484 4109; x_wconf 73' lang='lat' dir='ltr'><strong>utu</strong></span> <span class='ocrx_word' id='word_1_239' title='bbox 494 4051 625 4125; x_wconf 76' lang='lat' dir='ltr'><strong>cogitetis</strong></span> <span class='ocrx_word' id='word_1_240' title='bbox 661 4047 700 4109; x_wconf 72' lang='lat' dir='ltr'><strong>bt</strong></span> <span class='ocrx_word' id='word_1_241' title='bbox 710 4051 757 4106; x_wconf 87' lang='lat' dir='ltr'><strong>ubi</strong></span> <span class='ocrx_word' id='word_1_242' title='bbox 769 4048 916 4108; x_wconf 78' lang='lat' dir='ltr'><strong>inevitabili</strong></span> <span class='ocrx_word' id='word_1_243' title='bbox 933 4058 1045 4123; x_wconf 83' lang='lat' dir='ltr'><strong>cogente</strong></span> <span class='ocrx_word' id='word_1_244' title='bbox 1056 4050 1221 4109; x_wconf 64' lang='lat' dir='ltr'><strong>uersantem</strong></span> <span class='ocrx_word' id='word_1_245' title='bbox 1238 4049 1320 4106; x_wconf 66' lang='lat' dir='ltr'><strong>diter</strong></span> <span class='ocrx_word' id='word_1_246' title='bbox 1337 4048 1393 4104; x_wconf 81' lang='lat' dir='ltr'><strong>¹dia·</strong></span> 
     </span>
    </p>
   </div>
   <div class='ocr_carea' id='block_1_9' title="bbox 0 0 1571 5188">
    <p class='ocr_par' dir='ltr' id='par_1_10' title="bbox 0 0 1571 5188">
     <span class='ocr_line' id='line_1_32' title="bbox 0 0 1571 5188; baseline 0 0"><span class='ocrx_word' id='word_1_247' title='bbox 0 0 1571 5188; x_wconf 95' lang='lat' dir='ltr'><strong> </strong></span> 
     </span>
    </p>
   </div>
  </div>
 </body>
</html>
