3100 5192
552 659 700 694 uunvuusls
714 659 870 694 urlsroana.

636 1028 669 1076 19
700 1023 833 1077 EIDEM.

238 1148 287 1183 suo
300 1148 414 1184 caanrco
427 1148 492 1184 suus
506 1132 540 1184 G.

201 1227 287 1319 Satis
305 1270 441 1305 amoenum
460 1253 589 1324 delegisti,
611 1253 648 1306 mi
667 1253 809 1317 carissime,
832 1251 950 1316 exilium,
971 1251 1018 1303 ubi
1036 1248 1256 1320 superabundant

199 1372 305 1444 gaudia,
324 1372 387 1426 licet
404 1390 490 1438 vana;
509 1372 556 1424 ubi
575 1373 702 1426 exuberat
720 1373 875 1443 plusquam
892 1371 921 1424 in
939 1371 1026 1442 patria
1043 1370 1120 1440 panis
1146 1377 1173 1422 et
1199 1369 1255 1421 vini

199 1492 283 1563 copia,
293 1491 338 1544 ubi
351 1492 497 1545 amicorum
508 1492 634 1563 frequens
643 1491 789 1556 affluentia,
803 1491 850 1544 ubi
862 1491 993 1544 sociorum
1009 1507 1062 1542 non
1081 1506 1143 1542 rara
1161 1497 1254 1542 contu-

197 1613 299 1666 bernia.
312 1612 378 1671 Quis
390 1619 487 1682 praeter
494 1619 520 1665 te
531 1611 598 1664 alius
607 1612 656 1664 sub
670 1609 738 1664 coelo
747 1610 863 1664 Parisios
875 1628 929 1664 non
943 1609 1075 1662 estimavit
1086 1608 1176 1661 locum
1189 1608 1254 1661 deli·

197 1733 305 1796 ciarum,
322 1730 428 1784 hortum
446 1730 650 1801 plantationum,
671 1748 765 1802 agrum
783 1730 978 1801 primitiarum?
996 1727 1196 1800 Respondendo
1214 1735 1253 1780 ta-

198 1871 259 1905 men
278 1870 371 1905 verum
380 1852 478 1918 dixisti,
493 1851 612 1923 quiaubi
624 1854 710 1924 major
730 1860 756 1904 et
774 1852 886 1923 amplior
903 1852 1025 1922 voluptas
1045 1867 1194 1920 corporum,
1214 1848 1251 1900 ibi

195 1991 289 2026 verum
302 1973 412 2025 exilium
425 1973 581 2038 animarum,
592 1982 618 2026 et
629 1975 677 2026 ubi
688 1983 784 2043 regnat
793 1975 908 2039 luxuria,
921 1974 959 2026 ibi
971 1971 1156 2026 miserabiliter
1169 1970 1252 2023 ancil-

194 2094 267 2147 latur
285 2101 312 2145 et
324 2092 451 2162 affligitur
464 2093 561 2145 anima.
598 2091 622 2143 0
635 2092 755 2156 Parisios,
768 2111 848 2164 quam
860 2093 957 2146 idonea
969 2111 997 2146 es
1016 2092 1050 2145 ad
1063 2090 1206 2162 capiendas
1224 2100 1251 2143 et

194 2215 366 2287 decipiendas
380 2216 498 2268 animas!
536 2215 569 2268 In
578 2224 604 2269 te
614 2217 742 2269 retiacula
751 2217 883 2282 vitiorum,
897 2218 925 2269 in
938 2226 965 2271 te
976 2216 1107 2270 malorum
1116 2215 1248 2286 decipula,

197 2341 225 2392 in
238 2346 264 2392 te
277 2337 375 2408 sagitta
386 2337 483 2390 inferni
501 2338 634 2408 transfigit
652 2338 834 2409 insipientium
852 2339 940 2392 corda.
978 2339 1021 2393 Ita
1038 2339 1158 2392 loannes
1175 2355 1250 2390 meus

195 2462 282 2526 sentit,
297 2468 323 2513 et
340 2460 400 2513 ideo
419 2459 528 2514 exilium
546 2435 704 2514 nominavit.
742 2426 854 2514 Utinam
873 2462 991 2514 scholam
1008 2462 1096 2527 istam,
1111 2461 1180 2513 sicut
1198 2468 1245 2521 est,

194 2580 302 2634 exilium
315 2598 376 2634 vere
389 2580 531 2651 deputares
543 2588 569 2632 et
582 2580 615 2632 ad
625 2581 738 2651 patriam
748 2598 802 2633 non
815 2582 931 2634 verboet
942 2581 1043 2651 lingua,
1058 2580 1107 2633 sed
1124 2597 1202 2651 opere
1221 2589 1248 2632 et

196 2701 304 2755 veritate
316 2701 463 2755 festinares.
495 2701 537 2754 Ibi
544 2701 571 2754 in
583 2701 651 2754 libro
665 2702 727 2754 vitae
740 2720 795 2755 non
808 2703 907 2772 figuras
915 2711 942 2755 et
954 2703 1086 2756 elementa
1098 2701 1145 2754 sed
1156 2701 1243 2772 ipsam

197 2822 265 2875 sicut
274 2831 312 2875 est
319 2821 487 2875 divinitatem
499 2830 526 2875 et
537 2823 675 2876 veritatem
690 2822 767 2876 oculo
780 2823 814 2876 ad
832 2824 940 2878 oculum
950 2842 1080 2889 cerneres,
1096 2823 1154 2877 sine
1172 2822 1246 2875 labo

192 2944 348 3014 relegendi,
363 2944 419 2997 sine
432 2944 537 2997 fastidio
551 2945 666 3010 videndi,
676 2946 732 2998 sine
742 2945 849 2998 fallacia
858 2953 885 2998 et
897 2965 984 3000 errore
992 2946 1168 3016 intelligendi,
1187 2947 1247 2998 sine

195 3065 372 3118 sollicitudine
381 3064 521 3129 retinendi,
540 3064 596 3116 sine
615 3065 709 3117 timore
728 3065 909 3118 obliviscendi.
948 3065 1069 3118 obesa
1088 3065 1186 3129 schola,
1200 3067 1247 3118 ubi

194 3189 313 3244 Christru
331 3188 497 3243 docetcorda
509 3196 599 3241 nostra
608 3190 689 3242 verbo
698 3189 804 3242 virtutis
812 3207 875 3256 suae,
885 3189 932 3242 ubi
945 3191 1001 3242 sine
1027 3189 1143 3242 lectione
1156 3207 1252 3260 appre-

194 3311 475 3382 hendimusquomodo
486 3311 630 3365 debeamus
642 3312 870 3367 eternaliterbene
878 3313 975 3367 vivere.
1014 3312 1076 3365 Non
1089 3311 1186 3365 emitur
1202 3310 1240 3364 ibi

193 3435 268 3500 liber;
280 3451 333 3486 non
345 3433 484 3486 redimitur
496 3433 628 3504 magister3
642 3435 800 3505 scriptorum
812 3437 887 3489 nulla
899 3436 1092 3490 circumventio
1104 3435 1240 3505 disputan-

193 3554 276 3618 tium,
287 3552 361 3604 nulla
369 3552 559 3624 sophismatum
578 3554 717 3606 intricatio:
731 3553 814 3624 plana
826 3555 945 3607 omniurn
955 3554 1142 3624 quaestionum
1158 3554 1243 3607 deter-

191 3673 311 3738 minatio,
325 3672 405 3743 plena
416 3673 599 3726 universarum
612 3673 745 3726 rationum
758 3681 785 3726 et
793 3673 1054 3744 argumentationum
1074 3672 1246 3741 comprehen-

191 3792 237 3845 sio.
252 3792 294 3845 lbi
303 3790 363 3862 plus
379 3792 431 3844 rita
443 3799 634 3862 constatquam
642 3791 793 3863 lectio,plus
804 3793 914 3862 prodest
926 3791 1082 3862 simplicitas
1092 3807 1172 3860 quam
1185 3807 1249 3840 car·

196 3917 287 3970 illatio.
326 3917 368 3969 Ibi
377 3934 456 3969 nemo
466 3917 630 3969 concluditur
639 3917 690 3969 nisi
701 3917 745 3988 qui
753 3918 911 3971 excluditur.
948 3918 1010 3971 Uno
1018 3917 1100 3970 verbo
1109 3913 1195 3968 omnis
1212 3914 1249 3965 ibi

199 4041 309 4094 solvitur
317 4042 439 4112 objectio,
454 4059 537 4112 quum
554 4042 624 4095 male
643 4042 741 4095 malam
751 4043 834 4097 vitam
847 4044 986 4114 objicienti
1003 4041 1184 4112 respondetur,
1199 4038 1248 4101 Ite,

202 4164 346 4229 maledicti,
357 4164 385 4216 in
397 4164 488 4234 ignem
498 4184 520 4218 e.
535 4165 580 4235 qui
592 4173 669 4235 pest
681 4165 717 4224 di.
731 4172 757 4217 et
769 4183 793 4218 a.
805 4168 847 4236 ej.;
860 4183 943 4235 quum
951 4165 1020 4217 bene
1032 4162 1177 4233 opponenti
1186 4159 1251 4212 dici-

209 4284 367 4350 tur,Venite,
378 4285 520 4337 benedicti.
532 4287 580 4338 &c
593 4284 705 4336 Utinam
713 4284 755 4336 his
768 4284 921 4337 melioribus
931 4284 1024 4337 studiis
1033 4283 1071 4335 sic
1083 4281 1251 4334 intenderent

191 4405 240 4461 filii
248 4406 397 4470 hominum,
407 4406 538 4476 quomodo
550 4403 853 4478 vaniloquiis,quom0do
866 4403 1068 4459 scurrilitatibus
1076 4402 1151 4456 vanis
1158 4411 1185 4455 et
1192 4419 1250 4472 pes-
