3100 5192
532 593 688 647 Dcnvsnars
715 593 866 645 Erraroun.
1189 592 1237 642 141

185 749 299 804 aciamus
312 765 374 819 qua·
386 765 402 801 a
415 737 474 802 Deo
487 748 585 801 donata
599 754 662 800 aunt
673 748 759 800 nobis.
780 746 881 799 Datum
904 752 945 797 est
957 743 1028 796 enim
1041 744 1114 797 omui
1127 739 1241 815 corporii

184 878 223 937 nt,
246 871 313 924 sicut
321 872 378 943 jam
400 870 502 923 dictum
526 877 574 932 est,
599 867 790 938 compositione
819 865 853 918 ait
872 864 1024 935 multiplex.
1061 864 1181 929 Animae,
1208 872 1240 917 ut

186 1007 281 1044 carens
293 990 413 1061 partibus
427 988 583 1041 naturaliter
596 989 630 1040 eit
653 987 779 1057 simplex,
801 984 849 1038 sed
869 991 978 1055 proptor
998 983 1039 1036 eui
1059 983 1244 1037 infelicitatem

186 1110 341 1181 subjiciatur
352 1108 464 1162 vanitati
478 1124 540 1178 qum
553 1113 593 1160 eat
604 1104 754 1175 multiplex.
791 1102 978 1173 Supercoelesti
990 1118 1096 1173 quoque
1109 1102 1242 1157 indultum

188 1238 228 1284 eat
240 1238 378 1294 creature,
391 1237 422 1282 ut
433 1229 503 1281 ultra
515 1227 663 1281 humanum
676 1241 794 1289 mosum,
807 1222 854 1277 aed
868 1222 934 1276 citra
946 1222 1074 1276 Divinum
1089 1231 1117 1276 et
1135 1231 1246 1277 nature·

116 1406 118 1408 ,
188 1345 250 1403 liter
270 1348 467 1419 etsimplicitar
488 1347 523 1400 sit
535 1345 657 1416 simplex.
693 1344 736 1397 'lu
754 1360 818 1397 vero
839 1358 933 1413 corpus
952 1341 1094 1413 multiplex
1114 1359 1242 1409 asserens,

187 1469 304 1521 animam
316 1484 422 1537 quoque
435 1465 634 1536 comparatione
646 1463 763 1534 corporis
774 1476 828 1516 non
842 1478 890 1531 per
903 1478 931 1513 se
943 1460 1091 1531 simplicem
1112 1468 1242 1527 muueris,

186 1582 598 1655 transvolasadsupercoelestes,
612 1590 684 1635 etex
698 1581 793 1652 gratia,
815 1596 870 1633 non
890 1596 924 1633 ex
944 1587 1047 1643 natura,
1068 1579 1243 1633 imitationem

187 1701 372 1756 tautummodo
384 1700 559 1771 simplicitatis
572 1699 706 1769 indulges.
725 1698 749 1751 0
762 1698 875 1751 nimium
887 1696 1018 1767 simplex!
1038 1697 1159 1751 Forsitan
1172 1698 1245 1751 enim

188 1820 300 1891 angelus
313 1828 374 1873 tuus
385 1820 437 1873 hoc
450 1818 562 1873 audiena
573 1819 703 1884 irascitur,
718 1824 746 1870 at
760 1817 831 1887 quod
844 1816 915 1871 done
925 1817 1019 1887 gratim
1032 1824 1059 1871 et
1071 1824 1174 1873 naturae
1186 1818 1243 1872 susi

190 1938 396 1992 commutaveris
407 1937 572 2007 indignatur.
597 1936 668 1989 Nam
681 1936 737 2007 ipse
748 1936 856 2006 quidem
871 1935 938 1989 nihil
951 1935 1067 1990 minores
1076 1937 1175 2006 gratias
1188 1939 1244 2009 agit

187 2057 299 2110 creatori
310 2064 414 2109 naturae
428 2072 509 2125 quam
521 2054 610 2107 datori
622 2055 724 2125 gratiae.
763 2054 859 2107 Gratia
879 2070 997 2124 namque
1018 2062 1145 2121 creatum,
1160 2060 1247 2128 gratie

189 2176 381 2242 medicatum,
389 2174 593 2245 gradanovitae
605 2174 803 2228 confirmatum.
822 2174 865 2227 ab
879 2174 972 2228 eadem
984 2182 1073 2228 tamen
1084 2176 1169 2246 gratia
1177 2178 1249 2232 aliud

188 2297 218 2349 in
230 2296 372 2361 creatione,
385 2294 459 2349 aliud
470 2295 593 2349 meminit
604 2310 632 2348 ae
644 2294 778 2365 accepisse
790 2294 825 2366 in⁸
831 2294 1036 2359 beatificatione,
1058 2295 1114 2349 sive
1134 2296 1162 2351 in
1186 2314 1249 2351 con·

186 2416 345 2471 firmatione.
364 2416 443 2476 Quod
455 2416 559 2487 accepit
568 2414 597 2468 iu
610 2415 753 2479 creatione,
766 2414 839 2469 done
851 2422 913 2468 sunt
923 2422 1045 2479 naturoe;
1060 2416 1133 2484 quod
1151 2418 1248 2471 meruit

189 2536 217 2588 in
230 2535 434 2589 confirmatione
447 2534 518 2587 dona
527 2541 665 2586 vocantur.
686 2532 771 2604 igitur
781 2541 827 2586 eut
840 2532 981 2603 multiplex
995 2540 1034 2585 est
1044 2534 1133 2604 angeli
1141 2543 1245 2601 natura,

191 2654 263 2726 quod
276 2656 325 2709 soli
337 2655 463 2708 convenit
474 2655 587 2725 corpori,
598 2662 645 2707 aut
656 2654 807 2725 multiplex,
825 2653 896 2725 quod
909 2662 1012 2707 tentum
1026 2654 1137 2726 spiritui.
1176 2658 1246 2716 Quia

191 2783 280 2829 autem
291 2774 396 2827 nullum
408 2774 517 2827 tertium
536 2781 576 2827 est
588 2774 711 2845 simplex,
732 2783 764 2827 ut
787 2775 880 2828 estimo
900 2775 1030 2828 concedas
1050 2791 1159 2831 necesse
1181 2796 1246 2836 ease.

190 2892 308 2964 Simplex
319 2894 409 2963 itaque
418 2910 500 2963 quum
508 2893 543 2946 sit
554 2902 650 2948 natura
661 2902 687 2947 et
695 2894 831 2947 vicinitate
839 2901 868 2947 ut
878 2901 1010 2948 ostensum
1019 2903 1067 2960 est,
1077 2896 1159 2966 ipsius
1170 2916 1244 2952 aum-

192 3028 245 3064 mae
255 3010 432 3081 simplicitatis
446 3012 543 3064 arctius
555 3012 719 3081 exprimatur
725 3019 752 3066 et
761 3012 930 3081 imprimatur
937 3013 965 3064 in
979 3030 1010 3065 eo
1021 3012 1111 3066 radius
1122 3015 1252 3086 simplici·

192 3132 262 3196 tatis,
274 3148 329 3183 non
340 3129 397 3201 jam
410 3138 515 3183 tantm
527 3130 641 3201 simplex
656 3138 704 3196 eet,
716 3130 763 3183 sed
775 3130 938 3201 simpliciter,
949 3139 979 3184 ut
998 3131 1104 3201 opinor,
1120 3132 1243 3204 simplex.

192 3249 373 3303 Ministrando
383 3265 499 3317 namque
510 3247 644 3303 indefesse
656 3249 761 3303 adsistit
772 3256 799 3302 et
811 3248 930 3301 adhaeret
942 3248 1049 3303 Divinae
1064 3250 1237 3322 simplicitati.

195 3365 258 3436 lpse
270 3373 361 3419 autem
370 3364 463 3418 divina
476 3364 632 3435 simplicitas
645 3363 867 3421 connaturaliter
878 3366 1252 3439 tentum,sedsimpliciteret

188 3485 362 3538 ineffabiliter
373 3485 486 3553 simplex
498 3493 546 3538 est.
582 3486 599 3538 J
602 3504 645 3540 am
659 3486 739 3540 credo
752 3486 917 3541 satisfactum
931 3503 1013 3555 quare
1026 3486 1148 3553 dixerim,
1160 3490 1246 3544 omnis

192 3619 235 3655 res
245 3598 402 3669 simpliciter
410 3599 533 3669 simplex,
547 3600 589 3652 vel
603 3601 763 3669 quiadicere
773 3602 915 3672 potuerim.
937 3602 1016 3661 Quod
1027 3612 1115 3657 autem
1129 3608 1249 3675 sequitur

195 3734 251 3773 uua
262 3724 289 3769 et
301 3732 385 3769 unum
396 3724 444 3781 est,
458 3717 602 3771 inculcatio
613 3718 754 3771 verborum
766 3729 814 3773 est.
850 3719 960 3787 Temen,
973 3729 1002 3773 ut
1015 3722 1058 3775 vel
1077 3724 1191 3777 tenuiter
1214 3726 1252 3780 sic

194 3830 365 3899 distinguam,
378 3846 433 3882 una
444 3831 564 3901 profecto
576 3838 618 3883 est
629 3831 701 3901 quia,
714 3839 745 3885 ut
759 3833 862 3886 Seneca
874 3840 992 3895 testatur,
1015 3832 1176 3889 Divinorum
1194 3854 1250 3893 una

193 3955 237 4002 eet
247 3952 344 3998 natura
354 3951 382 3999 et
391 3943 460 3999 nihil
471 3955 512 3999 est
524 3945 623 4000 Divino
641 3945 765 4011 divinius,
786 3947 888 4002 coelesti
907 3948 1047 4013 coelestius,
1070 3956 1097 4002 et
1111 3950 1247 4020 Boethius,

194 4063 259 4135 quia
268 4079 359 4115 eorum
368 4061 461 4115 eadem
469 4064 663 4118 estsubatantie
670 4081 784 4134 quorum
794 4066 914 4119 diversus
923 4064 1038 4119 effectus
1047 4083 1101 4120 non
1112 4074 1160 4121 est.
1170 4068 1250 4127 Unda

196 4182 304 4247 idcirco,
323 4180 387 4251 quia
399 4187 502 4251 natura,
512 4181 673 4254 simplicium
686 4182 888 4251 indissolubilis,
899 4182 1059 4239 diversarum
1074 4184 1252 4255 pluralitatem
