3100 5192
547 519 704 576 Drnvuuere
722 538 867 580 urrunnun.
1188 520 1238 577 113

185 678 243 727 tcto
260 672 359 727 referto
376 672 506 739 cauernis.
517 675 562 747 pic
580 676 691 730 refluxit
711 677 747 731 nd
773 676 928 731 cicatricum
954 684 1103 731 noctromm
1128 674 1241 731 vulnere

186 792 364 858 medemena,
382 810 444 865 qnae
462 812 479 847 u
491 811 574 848 menn
590 794 743 849 Divinitutie
756 804 907 868 rumpeeret
921 795 1048 861 entidote,
1066 802 1146 865 etque
1167 812 1239 849 com·

185 910 317 981 pueeionie
327 912 470 967 affcctione
481 913 651 984 prolambens
662 922 857 985 upoetemetum
868 914 1043 986 putrefactum
1058 914 1167 978 saniem,
1176 929 1252 967 vere·

186 1027 329 1099 languores
349 1039 452 1085 noetroe
472 1032 577 1086 ennevit
597 1039 624 1087 et
648 1032 752 1087 dolores
770 1040 874 1089 nostroe
893 1033 1016 1105 porterit,
1034 1032 1117 1087 immo
1137 1032 1241 1105 poterit

186 1154 215 1200 et
230 1146 376 1200 absorbuit
412 1147 485 1207 Quid
496 1148 578 1220 igitur
590 1150 738 1205 retribuum
752 1151 809 1215 tibi,
826 1151 916 1206 anime
925 1150 985 1219 Dei,
1001 1169 1050 1223 pro
1065 1150 1107 1204 hie
1123 1166 1184 1221 quae
1202 1168 1245 1205 rc·

190 1265 307 1319 tribuisti
318 1265 415 1319 nobiei
432 1266 524 1327 Quid?
540 1268 668 1323 Animum
684 1286 732 1339 pro
750 1268 857 1335 enima3
875 1268 935 1323 'l'ue
950 1269 984 1323 rit
995 1268 1086 1323 uniunt
1101 1286 1170 1323 mee.
1207 1266 1240 1323 In

81 1428 85 1432 .
189 1403 285 1440 menum
309 1394 368 1439 tutor
384 1386 541 1441 commendo
556 1387 678 1459 spiritum
699 1406 797 1455 meum,
815 1388 931 1443 unbnmn
955 1407 1042 1443 meum
1058 1397 1085 1443 ct
1098 1406 1244 1459 congrege·

187 1505 289 1559 tionem
300 1523 396 1559 meum.
434 1503 503 1559 Haec
515 1506 549 1560 de
561 1506 734 1572 animalem,
748 1524 810 1577 quie
822 1507 850 1561 in
862 1515 1028 1561 recremento
1036 1505 1128 1561 ulteris
1142 1506 1171 1559 in
1188 1523 1246 1559 cor·

190 1641 255 1695 pore
272 1624 339 1677 Jeeu
355 1623 413 1678 eine
430 1624 513 1677 dubio
528 1623 612 1677 edeet
649 1624 719 1678 liceo
734 1626 799 1695 quie
814 1624 976 1679 cubicularia
995 1623 1132 1678 Trinitatis
1149 1634 1197 1687 eet,
1210 1622 1246 1675 ud

191 1741 345 1795 cubiculum
361 1742 432 1795 intro
449 1741 604 1795 cubiculum
621 1741 737 1796 deducat
759 1742 864 1797 unimur
880 1749 994 1796 nouum.
1031 1740 1075 1795 Ibi
1093 1741 1244 1805 cubantem,

190 1860 272 1913 immo
283 1868 445 1925 monentem,
457 1860 582 1914 ostendet
591 1860 671 1913 nobie
682 1859 790 1914 Putrem
801 1860 830 1913 in
847 1860 917 1915 Filio
927 1860 1025 1913 Filium
1033 1860 1063 1914 in
1078 1858 1166 1924 Petro,
1186 1857 1245 1929 Spi-

191 1978 273 2033 ritum
286 1979 413 2032 Senonum
424 1978 611 2050 procedentem
634 1979 668 2031 ub
689 1987 812 2050 utroque.
849 1979 927 2032 Certe
942 1978 1032 2050 igitur,
1049 1979 1146 2049 quiete,
1169 1996 1246 2032 mun·

190 2105 273 2163 nnete,
286 2095 436 2151 verecunde
447 2104 475 2150 et
492 2094 612 2149 modeste
624 2103 726 2149 etenim
745 2096 784 2150 ibi
803 2104 936 2151 secretum
959 2096 1027 2151 illud
1047 2095 1247 2167 importunitate

193 2217 269 2271 nulle
278 2215 458 2288 interpellem.
489 2214 587 2269 Potens
599 2214 670 2268 enim
682 2223 722 2269 eet
738 2224 766 2270 et
785 2214 854 2270 forte
871 2214 1024 2286 crapulatus
1040 2232 1058 2270 e
1073 2214 1138 2267 vino
1153 2213 1247 2286 glorie

195 2353 281 2408 neque
297 2353 377 2389 mune
392 2352 448 2389 non
467 2334 614 2405 evigilabit,
631 2342 663 2386 ut
681 2333 783 2404 operiet
798 2350 899 2390 arcuna
917 2333 964 2387 illo
980 2334 1064 2387 eervie
1081 2332 1145 2387 etde.
1181 2333 1251 2389 Setie

194 2465 285 2512 nutem
313 2457 468 2511 deliciarum
483 2463 511 2509 et
521 2456 615 2526 gloriae
628 2456 654 2507 in
670 2454 771 2508 loribus
789 2464 816 2508 et
832 2454 905 2508 etriie
924 2451 1095 2507 uenientibus
1109 2452 1256 2524 peregrinis

195 2577 298 2633 defixit
333 2574 402 2629 Sunt
423 2582 513 2629 eutem
535 2574 606 2627 force
624 2581 652 2626 et
673 2572 739 2627 loric
759 2573 812 2626 ietu
834 2571 954 2626 coeicetie
983 2579 1160 2635 recrementa,
1185 2587 1247 2640 qum

198 2694 316 2747 animum
327 2692 443 2758 interim,
455 2691 541 2745 donec
555 2690 661 2761 potiora
678 2698 705 2743 et
720 2706 793 2744 nova
803 2688 1000 2760 nupervenient,
1018 2685 1192 2753 abundanter,
1203 2685 1251 2739 eed

198 2820 226 2867 et
243 2811 434 2867 delectabiliter
451 2817 573 2881 puecnnt.
610 2808 644 2863 ln
662 2807 713 2863 hoc
730 2809 813 2879 igitur
830 2808 898 2863 atrio
913 2807 1003 2864 enimc
1018 2806 1100 2861 culice
1116 2823 1196 2861 nureo
1206 2812 1249 2859 ut·

198 2938 258 2985 ntur
273 2930 308 2983 ed
323 2928 479 2994 bibendum,
495 2935 595 2999 potent
610 2935 739 2998 argentea
754 2926 789 2979 ud
809 2926 1012 2991 comedendum,
1028 2925 1111 2978 linteo
1124 2924 1196 2978 lineo
1216 2922 1252 2975 ud

200 3046 394 3111 dormiendum,
417 3046 523 3117 petione
544 3044 574 3098 in
597 3044 688 3109 culice,
713 3042 829 3115 diligens
851 3042 879 3095 in
896 3050 1003 3113 patene,
1023 3049 1097 3095 onete
1112 3040 1141 3094 in
1158 3040 1250 3094 linteo.

198 3168 278 3233 Ecce,
291 3166 316 3218 0
328 3164 427 3230 animo,
438 3164 559 3217 crimme
575 3180 632 3229 rex,
650 3162 841 3233 concupiscent
856 3160 979 3215 decorem
996 3167 1082 3225 tuum,
1100 3158 1129 3212 in
1149 3156 1252 3212 deliciis

199 3283 267 3349 ietie,
279 3282 315 3336 ed
327 3280 467 3352 amplexue
480 3286 550 3345 tuoe,
562 3278 645 3333 immo
655 3278 729 3332 einne
740 3286 809 3343 tuor,
822 3277 892 3331 inter
902 3276 986 3331 ubere
997 3283 1045 3329 tue
1056 3274 1104 3329 tibi
1112 3272 1253 3340 unienda,

200 3400 247 3455 illu
262 3400 329 3454 horu
341 3397 466 3451 sacrificii
482 3397 613 3462 sumendi,
630 3395 664 3449 de
682 3395 781 3450 mnctie
798 3395 852 3449 euie
869 3395 976 3449 eedibue
994 3394 1108 3448 commit
1121 3394 1150 3447 in
1167 3391 1252 3459 elteri,

201 3535 257 3573 non
269 3517 377 3588 quidem
389 3516 466 3570 eedee
477 3516 538 3569 illue
550 3532 681 3567 evucuune
693 3520 721 3567 et
732 3513 865 3577 deterens,
879 3512 928 3565 red
940 3510 974 3564 de
985 3511 1055 3563 velle
1066 3511 1220 3582 ploretionie
1228 3518 1255 3563 te

202 3636 341 3711 mujeetete
357 3634 489 3691 indicibili
504 3633 621 3697 elevunr,
638 3638 667 3684 ut
681 3630 780 3685 sedeur
792 3646 853 3682 cum
869 3626 1035 3699 principibus
1052 3625 1145 3698 populi
1158 3626 1208 3693 eni,
1225 3632 1258 3679 ut

202 3758 290 3831 pullos
297 3755 489 3811 desideriorum
495 3769 580 3824 ponae
591 3751 640 3805 eub
652 3750 735 3804 ultore
744 3748 805 3814 Dei,
819 3747 905 3801 donec
919 3743 1175 3816 milvuriniquitutie
1183 3752 1257 3798 tran-

201 3881 267 3928 eeet,
301 3872 365 3925 Non
385 3878 412 3925 te
435 3884 502 3939 ergo
524 3883 666 3938 aggraves,
679 3865 778 3929 enimn,
794 3880 849 3917 non
866 3878 973 3917 recueee
992 3860 1143 3916 cureueDei
1164 3878 1256 3915 necen-

200 3994 272 4058 dere,
281 4008 336 4045 non
348 3988 537 4060 tergivereerie,
547 3985 623 4057 quari
635 3984 791 4037 existimaui
802 3980 925 4036 nondum
936 3988 964 4035 te
980 3997 1058 4052 poree
1076 3979 1165 4033 videre
1183 3978 1256 4048 quod

204 4114 279 4166 Deus
298 4108 366 4168 ,uelit
386 4106 534 4162 oetendere.
571 4104 658 4158 Immo
682 4103 801 4167 intrmet
827 4100 889 4155 vide
909 4100 989 4155 eitum
1006 4106 1033 4153 et
1055 4094 1257 4169 dispositionem
