3100 5192
517 540 674 595 Dnsvrusm
692 542 843 597 Eetsrosn.
1184 557 1234 608 119

143 761 148 769 .
186 694 399 748 consolationem
412 696 492 767 hujus
504 696 613 749 luminis
626 697 780 761 nonhabet,
795 699 840 750 sed
853 716 908 752 nox
929 700 1088 758 illuminatio
1100 723 1135 758 m.
1156 707 1184 759 in
1207 708 1233 761 d.

183 815 251 867 meis
266 823 373 867 resonat
380 814 447 867 cella
454 815 519 885 ipsa.
539 814 634 868 Multae
647 816 683 868 ibi
695 815 799 869 deliciae
813 816 874 869 solis
887 835 981 871 occasu
993 830 1160 890 praestantur,
1172 826 1234 893 quia

182 945 249 989 tunc
260 936 373 987 occurrit
383 934 450 987 illud
458 932 666 1004 Psalmogrsphi,
681 933 753 984 Dum
763 934 893 1001 exquisivi
910 937 1033 990 manibus
1042 957 1077 992 m.
1096 957 1124 992 n.
1143 951 1235 995 contra

183 1069 244 1109 cum
257 1062 344 1107 ctnon
353 1072 375 1106 s.
389 1054 423 1106 de
437 1061 486 1104 etc.
502 1068 563 1121 quic
572 1051 599 1103 in
612 1050 878 1121 psalmosequuntur.
897 1054 1009 1109 Deliciae
1019 1058 1235 1130 citicionrmquoe

183 1171 370 1224 dormientium
401 1169 486 1221 latera
518 1174 643 1237 pungunt
666 1183 700 1218 ne
731 1167 892 1221 dormientes
916 1172 1092 1239 obdormiant,
1129 1176 1233 1229 deliciae

181 1301 312 1354 lectorum
324 1298 358 1350 ad
378 1296 579 1351 similitudinem
599 1293 730 1349 Jacobin
750 1294 870 1365 lapidum
889 1298 1014 1353 duritiam
1035 1318 1231 1373 conversorum,

183 1420 286 1473 deliciae
300 1418 433 1487 virgarum
445 1424 598 1468 mutuarum
610 1414 645 1467 od
666 1414 843 1467 confodienda
856 1416 941 1471 carnis
961 1427 987 1470 et
1007 1422 1142 1491 sanguinis
1162 1428 1233 1478 con'a

183 1538 322 1600 desiccata,
338 1536 441 1588 deliciae
455 1534 611 1587 deliciarum
625 1533 715 1585 lucem
728 1534 777 1585 sibi
793 1534 884 1587 adesse
896 1536 924 1590 in
938 1538 1060 1603 tenebris,
1078 1558 1139 1609 quar
1155 1545 1234 1597 ratio·

181 1676 244 1710 nem
256 1657 378 1718 illustret,
391 1663 508 1707 mentem
518 1654 645 1721 laetificet,
655 1653 689 1707 ad
701 1671 729 1706 se
737 1654 823 1723 ipsam
846 1656 962 1708 animam
981 1667 1125 1713 convertat.
1162 1664 1234 1721 Quid

183 1776 320 1846 amplius?
337 1775 399 1826 Non
413 1774 576 1843 extinguitur
589 1774 617 1826 in
630 1782 710 1827 nocte
721 1772 832 1825 lucerna
844 1790 943 1827 eorum.
965 1776 1070 1830 Deinde
1084 1796 1133 1832 nec
1146 1782 1232 1836 cultus

182 1912 281 1958 eorum,
294 1912 344 1946 ncc
355 1894 383 1945 in
396 1894 489 1964 pretio,
508 1911 558 1946 nec
578 1894 607 1945 in
627 1911 747 1956 numero,
768 1911 818 1945 nec
839 1894 866 1944 in
889 1912 1012 1949 mensura
1024 1896 1231 1968 incircumcisus,

181 2021 284 2067 natnrae
296 2012 432 2081 suffragiis
443 2019 547 2063 tantum
567 2011 716 2072 intendens,
736 2019 763 2061 et
782 2011 848 2063 fines
868 2012 1026 2066 curiositatis
1048 2034 1155 2086 prorsus
1176 2040 1230 2075 non

181 2143 303 2202 tangens.
341 2130 435 2182 Victus
447 2129 552 2199 qualis?
570 2128 641 2181 Pene
653 2129 681 2181 in
694 2128 800 2198 culpam
813 2129 885 2181 cadit
899 2146 955 2182 non
976 2133 1164 2202 superfluitatis
1185 2142 1231 2194 sed

181 2251 326 2321 parcitatis.
362 2248 483 2301 Nimium
506 2255 547 2301 est
565 2265 668 2318 porcus,
683 2264 717 2299 ne
738 2247 826 2300 dicam
843 2264 946 2313 avarus,
959 2251 1059 2304 ventris
1073 2258 1227 2326 appetitum

180 2386 235 2421 non
255 2368 375 2421 excitans
392 2385 440 2419 sua
456 2367 640 2429 oblectatione,
662 2384 712 2420 nec
729 2366 793 2419 satis
815 2385 986 2436 compescens
1007 2387 1054 2423 sua
1074 2378 1232 2442 quantitate.

180 2486 495 2555 Nabuzardanpn'nccps
517 2501 663 2554 coquorum
684 2502 734 2538 nec
747 2485 903 2537 nominatur
923 2487 993 2539 inter
1015 2505 1067 2553 cos,
1087 2492 1138 2544 nisi
1158 2498 1230 2569 quod

184 2606 296 2675 quisque
319 2605 369 2657 sibi
403 2605 583 2658 Nabuzardan
603 2604 727 2673 ignorans
748 2604 857 2657 delicias
879 2604 960 2657 ollam
980 2605 1068 2661 Heliae
1096 2615 1230 2682 supponit.

179 2724 252 2782 Quid
264 2724 365 2775 multo?
384 2723 466 2776 Paulo
485 2722 601 2793 amplius
619 2740 699 2793 supra
710 2723 834 2775 homines
852 2722 938 2775 nostri
954 2727 1080 2795 temporis
1100 2728 1230 2785 institutio

179 2843 251 2907 vitoe,
266 2860 317 2895 nec
328 2842 409 2894 habet
420 2843 447 2894 in
461 2860 493 2894 ea
505 2843 601 2905 vivere,
614 2842 666 2895 nisi
679 2843 725 2913 qui
736 2839 837 2895 mundo
849 2849 967 2895 mortuus
981 2843 1045 2897 vivit
1064 2844 1131 2901 Deo.
1162 2851 1230 2909 Quae

177 2978 262 3032 parvo
280 2970 308 3013 et
327 2961 506 3014 indifferentia
527 2969 590 3013 sunt
611 2961 807 3032 quodammodo
826 2962 903 3015 bonis
923 2971 950 3015 ct
971 2965 1049 3017 malis
1069 2974 1233 3037 enumeravi,

178 3078 412 3132 mortificationem
424 3079 548 3132 videlicet
559 3081 723 3133 extrinsecus
735 3088 918 3150 apparentem,
932 3081 979 3134 ssd
999 3084 1077 3137 crede
1090 3088 1139 3140 sub
1160 3092 1232 3161 sagis

180 3199 301 3262 cilicinis,
318 3198 368 3249 sub
380 3197 494 3267 pellibus
507 3198 618 3251 arietum
631 3199 771 3252 rubricatis
784 3216 872 3252 arcum
885 3201 1102 3257 sanctificationis
1116 3212 1230 3280 contegi,

179 3318 225 3370 ubi
249 3336 349 3371 manna
373 3317 523 3371 dulcedinis
542 3335 622 3387 quam
641 3319 783 3372 abscondit
804 3318 876 3371 Deus
901 3320 1053 3375 timentibus
1067 3340 1104 3388 sc,
1125 3324 1158 3379 de
1180 3344 1233 3398 qua

180 3434 277 3489 dicitur
289 3441 306 3467 ⁴⁴
317 3436 395 3489 Dabo
406 3437 455 3489 tibi
468 3454 568 3489 manna
579 3437 792 3501 absconditum,¹'
809 3437 846 3490 ibi
867 3438 947 3489 etiam
968 3438 1051 3493 altura
1067 3440 1235 3499 holocausto·

179 3570 247 3617 rum,
262 3554 299 3606 ibi
319 3554 402 3606 altare
421 3554 532 3607 incensi.
570 3553 622 3606 Sed
647 3555 727 3606 etiam
743 3563 835 3607 sancta
856 3563 1008 3608 sanctorum
1028 3560 1104 3613 novit
1124 3572 1234 3619 sanctus

179 3679 341 3725 sanctorum.
378 3672 422 3725 nd
435 3684 530 3725 sancta
549 3673 620 3724 onim
633 3681 785 3724 sanctorum
807 3688 860 3723 non
874 3671 980 3734 accedo,
994 3673 1040 3726 sed
1054 3684 1233 3733 ssuctasecu-

178 3788 343 3844 laria‘vidco.
366 3793 428 3843 Non
441 3791 538 3844 diffido
553 3799 642 3843 sutem
653 3790 790 3844 veritatem
801 3799 970 3855 secretorum,
979 3808 1092 3861 quorum
1100 3795 1234 3851 evidentia

182 3908 260 3979 signa
279 3918 474 3980 repraesentant
497 3927 578 3979 opera
598 3909 741 3961 manifesto
759 3916 919 3961 sanctorum.
956 3910 1060 3967 Quaeris
1081 3914 1145 3981 quid
1164 3916 1234 3969 inter

178 4026 237 4078 haec
249 4027 369 4079 faciam?
386 4028 463 4080 Certe
477 4027 602 4096 appendo
621 4025 649 4077 in
672 4034 770 4078 statera
791 4044 882 4078 eorum
905 4034 958 4079 tam
977 4025 1050 4097 justa
1071 4030 1186 4083 officium
1208 4044 1234 4087 et

178 4161 245 4213 opus
254 4161 342 4197 meum
356 4154 381 4197 et
394 4145 537 4213 inaequalia
550 4142 657 4213 reperis.
678 4144 800 4195 Recurrit
812 4161 915 4195 sursum
927 4144 1043 4213 dignitas
1054 4146 1135 4198 officii
1145 4168 1151 4212 ;
1161 4150 1235 4217 jacet

682 4217 721 4275 20
