<?xml version="1.0" encoding="UTF-8"?>
<!DOCTYPE html PUBLIC "-//W3C//DTD XHTML 1.0 Transitional//EN"
    "http://www.w3.org/TR/xhtml1/DTD/xhtml1-transitional.dtd">
<html xmlns="http://www.w3.org/1999/xhtml" xml:lang="en" lang="en">
 <head>
  <title>
</title>
<meta http-equiv="Content-Type" content="text/html;charset=utf-8" />
  <meta name='ocr-system' content='tesseract 3.04.00' />
  <meta name='ocr-capabilities' content='ocr_page ocr_carea ocr_par ocr_line ocrx_word'/>
</head>
<body>
  <div class='ocr_page' id='page_1' title='image "./walteriabbatisd00messgoog_0079.png"; bbox 0 0 3100 5192; ppageno 0'>
   <div class='ocr_carea' id='block_1_1' title="bbox 320 434 930 494">
    <p class='ocr_par' dir='ltr' id='par_1_1' title="bbox 320 434 930 494">
     <span class='ocr_line' id='line_1_1' title="bbox 320 434 930 494; baseline -0.008 0"><span class='ocrx_word' id='word_1_1' title='bbox 320 441 355 494; x_wconf 80' lang='grc'><strong>80</strong></span> <span class='ocrx_word' id='word_1_2' title='bbox 422 446 427 455; x_wconf 94' lang='grc'><em>“</em></span> <span class='ocrx_word' id='word_1_3' title='bbox 760 434 795 491; x_wconf 82' lang='lat' dir='ltr'><strong>(i.</strong></span> <span class='ocrx_word' id='word_1_4' title='bbox 810 436 930 491; x_wconf 77' lang='lat' dir='ltr'><strong>Asssrrs</strong></span> 
     </span>
    </p>
   </div>
   <div class='ocr_carea' id='block_1_2' title="bbox 310 586 1441 2439">
    <p class='ocr_par' dir='ltr' id='par_1_2' title="bbox 310 586 1441 2439">
     <span class='ocr_line' id='line_1_2' title="bbox 316 586 1368 666; baseline -0.006 -17"><span class='ocrx_word' id='word_1_5' title='bbox 316 591 460 666; x_wconf 74' lang='lat' dir='ltr'><strong>religionis.</strong></span> <span class='ocrx_word' id='word_1_6' title='bbox 496 590 600 657; x_wconf 74' lang='lat' dir='ltr'><strong>diceet,</strong></span> <span class='ocrx_word' id='word_1_7' title='bbox 618 587 791 657; x_wconf 67' lang='lat' dir='ltr'><strong>dilectissimi,</strong></span> <span class='ocrx_word' id='word_1_8' title='bbox 811 588 850 645; x_wconf 90' lang='lat' dir='ltr'><strong>sic</strong></span> <span class='ocrx_word' id='word_1_9' title='bbox 862 597 911 645; x_wconf 87' lang='lat' dir='ltr'><strong>est.</strong></span> <span class='ocrx_word' id='word_1_10' title='bbox 946 586 1060 645; x_wconf 80' lang='lat' dir='ltr'><strong>Accedit</strong></span> <span class='ocrx_word' id='word_1_11' title='bbox 1077 586 1157 644; x_wconf 87' lang='lat' dir='ltr'><strong>bomo</strong></span> <span class='ocrx_word' id='word_1_12' title='bbox 1171 587 1207 643; x_wconf 91' lang='lat' dir='ltr'><strong>sd</strong></span> <span class='ocrx_word' id='word_1_13' title='bbox 1218 604 1265 643; x_wconf 88' lang='lat' dir='ltr'><strong>cor</strong></span> <span class='ocrx_word' id='word_1_14' title='bbox 1275 586 1368 655; x_wconf 75' lang='lat' dir='ltr'><strong>altuni,</strong></span> 
     </span>
     <span class='ocr_line' id='line_1_3' title="bbox 316 682 1441 785; baseline -0.007 -18"><span class='ocrx_word' id='word_1_15' title='bbox 316 719 345 767; x_wconf 93' lang='lat' dir='ltr'><strong>et</strong></span> <span class='ocrx_word' id='word_1_16' title='bbox 356 710 489 767; x_wconf 74' lang='lat' dir='ltr'><strong>mutetur</strong></span> <span class='ocrx_word' id='word_1_17' title='bbox 499 710 583 765; x_wconf 88' lang='lat' dir='ltr'><strong>Dens.</strong></span> <span class='ocrx_word' id='word_1_18' title='bbox 617 708 954 785; x_wconf 80' lang='lat' dir='ltr'><strong>Annoninluna,quum</strong></span> <span class='ocrx_word' id='word_1_19' title='bbox 968 707 1064 767; x_wconf 89' lang='lat' dir='ltr'><strong>lumini</strong></span> <span class='ocrx_word' id='word_1_20' title='bbox 1080 706 1144 765; x_wconf 88' lang='lat' dir='ltr'><strong>solis</strong></span> <span class='ocrx_word' id='word_1_21' title='bbox 1160 705 1367 783; x_wconf 71' lang='lat' dir='ltr'><strong>appropinquat,</strong></span> <span class='ocrx_word' id='word_1_22' title='bbox 1435 682 1441 709; x_wconf 69' lang='lat'><em>³</em></span> 
     </span>
     <span class='ocr_line' id='line_1_4' title="bbox 314 808 1364 905; baseline -0.005 -21"><span class='ocrx_word' id='word_1_23' title='bbox 314 828 354 884; x_wconf 86' lang='lat' dir='ltr'><strong>sie</strong></span> <span class='ocrx_word' id='word_1_24' title='bbox 365 828 455 889; x_wconf 79' lang='lat' dir='ltr'><strong>evenit</strong></span> <span class='ocrx_word' id='word_1_25' title='bbox 466 836 499 883; x_wconf 88' lang='lat' dir='ltr'><strong>ut</strong></span> <span class='ocrx_word' id='word_1_26' title='bbox 509 846 541 885; x_wconf 89' lang='lat' dir='ltr'><strong>eo</strong></span> <span class='ocrx_word' id='word_1_27' title='bbox 558 844 635 888; x_wconf 87' lang='lat' dir='ltr'><strong>ssuo</strong></span> <span class='ocrx_word' id='word_1_28' title='bbox 652 827 756 905; x_wconf 73' lang='lat' dir='ltr'><strong>angore</strong></span> <span class='ocrx_word' id='word_1_29' title='bbox 772 826 895 887; x_wconf 84' lang='lat' dir='ltr'><strong>videatur</strong></span> <span class='ocrx_word' id='word_1_30' title='bbox 910 826 1023 887; x_wconf 86' lang='lat' dir='ltr'><strong>deficere</strong></span> <span class='ocrx_word' id='word_1_31' title='bbox 1035 842 1088 904; x_wconf 88' lang='lat' dir='ltr'><strong>quo</strong></span> <span class='ocrx_word' id='word_1_32' title='bbox 1099 824 1180 883; x_wconf 84' lang='lat' dir='ltr'><strong>tuerit</strong></span> <span class='ocrx_word' id='word_1_33' title='bbox 1192 824 1289 885; x_wconf 69' lang='lat' dir='ltr'><strong>effecta</strong></span> <span class='ocrx_word' id='word_1_34' title='bbox 1301 808 1364 883; x_wconf 80' lang='lat' dir='ltr'><strong>nisi-</strong></span> 
     </span>
     <span class='ocr_line' id='line_1_5' title="bbox 316 942 1367 1023; baseline -0.006 -21"><span class='ocrx_word' id='word_1_35' title='bbox 316 947 396 1004; x_wconf 87' lang='lat' dir='ltr'><strong>niori</strong></span> <span class='ocrx_word' id='word_1_36' title='bbox 412 946 591 1003; x_wconf 72' lang='lat' dir='ltr'><strong>ctesidemus</strong></span> <span class='ocrx_word' id='word_1_37' title='bbox 601 962 656 1001; x_wconf 90' lang='lat' dir='ltr'><strong>non</strong></span> <span class='ocrx_word' id='word_1_38' title='bbox 667 945 728 1001; x_wconf 89' lang='lat' dir='ltr'><strong>ideo</strong></span> <span class='ocrx_word' id='word_1_39' title='bbox 738 945 832 1021; x_wconf 88' lang='lat' dir='ltr'><strong>pulcra</strong></span> <span class='ocrx_word' id='word_1_40' title='bbox 846 945 910 1020; x_wconf 89' lang='lat' dir='ltr'><strong>quis</strong></span> <span class='ocrx_word' id='word_1_41' title='bbox 926 944 1120 1004; x_wconf 76' lang='lat' dir='ltr'><strong>deformitatem</strong></span> <span class='ocrx_word' id='word_1_42' title='bbox 1138 943 1195 1023; x_wconf 82' lang='lat' dir='ltr'><strong>ejus</strong></span> <span class='ocrx_word' id='word_1_43' title='bbox 1208 961 1266 1001; x_wconf 87' lang='lat' dir='ltr'><strong>non</strong></span> <span class='ocrx_word' id='word_1_44' title='bbox 1277 942 1367 1002; x_wconf 85' lang='lat' dir='ltr'><strong>videt:</strong></span> 
     </span>
     <span class='ocr_line' id='line_1_6' title="bbox 315 1061 1368 1141; baseline -0.004 -20"><span class='ocrx_word' id='word_1_45' title='bbox 315 1084 370 1121; x_wconf 89' lang='lat' dir='ltr'><strong>non</strong></span> <span class='ocrx_word' id='word_1_46' title='bbox 382 1066 443 1124; x_wconf 89' lang='lat' dir='ltr'><strong>ideo</strong></span> <span class='ocrx_word' id='word_1_47' title='bbox 465 1066 616 1138; x_wconf 62' lang='lat' dir='ltr'><strong>sanaquis</strong></span> <span class='ocrx_word' id='word_1_48' title='bbox 633 1064 682 1119; x_wconf 89' lang='lat' dir='ltr'><strong>ubi</strong></span> <span class='ocrx_word' id='word_1_49' title='bbox 701 1072 825 1120; x_wconf 80' lang='lat' dir='ltr'><strong>ventrem</strong></span> <span class='ocrx_word' id='word_1_50' title='bbox 836 1064 917 1119; x_wconf 85' lang='lat' dir='ltr'><strong>iaciat</strong></span> <span class='ocrx_word' id='word_1_51' title='bbox 936 1081 991 1120; x_wconf 88' lang='lat' dir='ltr'><strong>non</strong></span> <span class='ocrx_word' id='word_1_52' title='bbox 1012 1063 1169 1123; x_wconf 72' lang='lat' dir='ltr'><strong>considerat.</strong></span> <span class='ocrx_word' id='word_1_53' title='bbox 1204 1062 1273 1121; x_wconf 76' lang='lat' dir='ltr'><strong>esni</strong></span> <span class='ocrx_word' id='word_1_54' title='bbox 1286 1061 1368 1141; x_wconf 76' lang='lat' dir='ltr'><strong>juxta</strong></span> 
     </span>
     <span class='ocr_line' id='line_1_7' title="bbox 313 1182 1369 1259; baseline -0.006 -18"><span class='ocrx_word' id='word_1_55' title='bbox 313 1186 490 1259; x_wconf 81' lang='lat' dir='ltr'><strong>proplietam:</strong></span> <span class='ocrx_word' id='word_1_56' title='bbox 510 1185 544 1240; x_wconf 88' lang='lat' dir='ltr'><strong>ln</strong></span> <span class='ocrx_word' id='word_1_57' title='bbox 552 1183 846 1257; x_wconf 80' lang='lat' dir='ltr'><strong>Ephraimeiiusisunt,</strong></span> <span class='ocrx_word' id='word_1_58' title='bbox 856 1184 945 1256; x_wconf 84' lang='lat' dir='ltr'><strong>etipse</strong></span> <span class='ocrx_word' id='word_1_59' title='bbox 954 1184 1095 1257; x_wconf 85' lang='lat' dir='ltr'><strong>ignoravit.</strong></span> <span class='ocrx_word' id='word_1_60' title='bbox 1132 1182 1369 1241; x_wconf 83' lang='lat' dir='ltr'><strong>Doletisioetorem</strong></span> 
     </span>
     <span class='ocr_line' id='line_1_8' title="bbox 314 1299 1369 1374; baseline -0.004 -17"><span class='ocrx_word' id='word_1_61' title='bbox 314 1304 428 1357; x_wconf 73' lang='lat' dir='ltr'><strong>Lucri:</strong></span> <span class='ocrx_word' id='word_1_62' title='bbox 447 1310 572 1357; x_wconf 84' lang='lat' dir='ltr'><strong>truncum</strong></span> <span class='ocrx_word' id='word_1_63' title='bbox 580 1301 638 1374; x_wconf 81' lang='lat' dir='ltr'><strong>jem</strong></span> <span class='ocrx_word' id='word_1_64' title='bbox 649 1310 799 1357; x_wconf 86' lang='lat' dir='ltr'><strong>emortuum</strong></span> <span class='ocrx_word' id='word_1_65' title='bbox 811 1303 946 1358; x_wconf 86' lang='lat' dir='ltr'><strong>miramini</strong></span> <span class='ocrx_word' id='word_1_66' title='bbox 962 1303 1136 1357; x_wconf 86' lang='lat' dir='ltr'><strong>revirescere:</strong></span> <span class='ocrx_word' id='word_1_67' title='bbox 1155 1318 1245 1357; x_wconf 89' lang='lat' dir='ltr'><strong>muros</strong></span> <span class='ocrx_word' id='word_1_68' title='bbox 1258 1299 1369 1354; x_wconf 74' lang='lat' dir='ltr'><strong>iericho</strong></span> 
     </span>
     <span class='ocr_line' id='line_1_9' title="bbox 314 1414 1366 1493; baseline -0.006 -19"><span class='ocrx_word' id='word_1_69' title='bbox 314 1438 368 1475; x_wconf 89' lang='lat' dir='ltr'><strong>non</strong></span> <span class='ocrx_word' id='word_1_70' title='bbox 378 1420 502 1493; x_wconf 80' lang='lat' dir='ltr'><strong>petimini</strong></span> <span class='ocrx_word' id='word_1_71' title='bbox 516 1436 686 1492; x_wconf 76' lang='lat' dir='ltr'><strong>consurgere.</strong></span> <span class='ocrx_word' id='word_1_72' title='bbox 721 1418 821 1474; x_wconf 84' lang='lat' dir='ltr'><strong>Facitis</strong></span> <span class='ocrx_word' id='word_1_73' title='bbox 839 1436 955 1491; x_wconf 89' lang='lat' dir='ltr'><strong>nemque</strong></span> <span class='ocrx_word' id='word_1_74' title='bbox 974 1418 1046 1491; x_wconf 91' lang='lat' dir='ltr'><strong>quod</strong></span> <span class='ocrx_word' id='word_1_75' title='bbox 1064 1418 1102 1473; x_wconf 90' lang='lat' dir='ltr'><strong>sit</strong></span> <span class='ocrx_word' id='word_1_76' title='bbox 1113 1419 1203 1475; x_wconf 86' lang='lat' dir='ltr'><strong>Naum</strong></span> <span class='ocrx_word' id='word_1_77' title='bbox 1220 1414 1366 1491; x_wconf 74' lang='lat' dir='ltr'><strong>prophetsz</strong></span> 
     </span>
     <span class='ocr_line' id='line_1_10' title="bbox 314 1534 1378 1611; baseline -0.006 -17"><span class='ocrx_word' id='word_1_78' title='bbox 314 1541 421 1611; x_wconf 81' lang='lat' dir='ltr'><strong>Aquam</strong></span> <span class='ocrx_word' id='word_1_79' title='bbox 432 1546 540 1611; x_wconf 86' lang='lat' dir='ltr'><strong>propter</strong></span> <span class='ocrx_word' id='word_1_80' title='bbox 553 1537 718 1594; x_wconf 90' lang='lat' dir='ltr'><strong>obsidionem</strong></span> <span class='ocrx_word' id='word_1_81' title='bbox 728 1538 806 1593; x_wconf 89' lang='lat' dir='ltr'><strong>hauri</strong></span> <span class='ocrx_word' id='word_1_82' title='bbox 818 1538 884 1593; x_wconf 86' lang='lat' dir='ltr'><strong>trbi:</strong></span> <span class='ocrx_word' id='word_1_83' title='bbox 904 1536 1066 1592; x_wconf 84' lang='lat' dir='ltr'><strong>intrslatum</strong></span> <span class='ocrx_word' id='word_1_84' title='bbox 1075 1546 1102 1591; x_wconf 87' lang='lat' dir='ltr'><strong>et</strong></span> <span class='ocrx_word' id='word_1_85' title='bbox 1110 1536 1193 1602; x_wconf 86' lang='lat' dir='ltr'><strong>calca,</strong></span> <span class='ocrx_word' id='word_1_86' title='bbox 1203 1543 1231 1589; x_wconf 86' lang='lat' dir='ltr'><strong>et</strong></span> <span class='ocrx_word' id='word_1_87' title='bbox 1239 1534 1378 1606; x_wconf 80' lang='lat' dir='ltr'><strong>subigens</strong></span> 
     </span>
     <span class='ocr_line' id='line_1_11' title="bbox 313 1652 1363 1733; baseline -0.007 -22"><span class='ocrx_word' id='word_1_88' title='bbox 313 1665 375 1712; x_wconf 79' lang='lat' dir='ltr'><strong>tene</strong></span> <span class='ocrx_word' id='word_1_89' title='bbox 385 1657 504 1714; x_wconf 83' lang='lat' dir='ltr'><strong>laterem.</strong></span> <span class='ocrx_word' id='word_1_90' title='bbox 539 1656 695 1730; x_wconf 74' lang='lat' dir='ltr'><strong>intelligitis</strong></span> <span class='ocrx_word' id='word_1_91' title='bbox 705 1657 871 1717; x_wconf 86' lang='lat' dir='ltr'><strong>obsidionem</strong></span> <span class='ocrx_word' id='word_1_92' title='bbox 883 1655 1011 1733; x_wconf 88' lang='lat' dir='ltr'><strong>principis</strong></span> <span class='ocrx_word' id='word_1_93' title='bbox 1020 1654 1099 1731; x_wconf 82' lang='lat' dir='ltr'><strong>bajus</strong></span> <span class='ocrx_word' id='word_1_94' title='bbox 1113 1654 1223 1715; x_wconf 84' lang='lat' dir='ltr'><strong>mundi:</strong></span> <span class='ocrx_word' id='word_1_95' title='bbox 1243 1668 1314 1728; x_wconf 86' lang='lat' dir='ltr'><strong>equa</strong></span> <span class='ocrx_word' id='word_1_96' title='bbox 1328 1652 1363 1705; x_wconf 86' lang='lat' dir='ltr'><strong>de</strong></span> 
     </span>
     <span class='ocr_line' id='line_1_12' title="bbox 313 1774 1365 1849; baseline 0.002 -20"><span class='ocrx_word' id='word_1_97' title='bbox 313 1776 435 1829; x_wconf 83' lang='lat' dir='ltr'><strong>cisternis</strong></span> <span class='ocrx_word' id='word_1_98' title='bbox 445 1776 513 1829; x_wconf 89' lang='lat' dir='ltr'><strong>sicut</strong></span> <span class='ocrx_word' id='word_1_99' title='bbox 523 1792 574 1829; x_wconf 89' lang='lat' dir='ltr'><strong>nec</strong></span> <span class='ocrx_word' id='word_1_100' title='bbox 586 1775 620 1829; x_wconf 91' lang='lat' dir='ltr'><strong>de</strong></span> <span class='ocrx_word' id='word_1_101' title='bbox 638 1776 711 1830; x_wconf 87' lang='lat' dir='ltr'><strong>celiis</strong></span> <span class='ocrx_word' id='word_1_102' title='bbox 726 1776 826 1830; x_wconf 88' lang='lat' dir='ltr'><strong>deficit.</strong></span> <span class='ocrx_word' id='word_1_103' title='bbox 862 1776 962 1833; x_wconf 77' lang='lat' dir='ltr'><strong>Lutum</strong></span> <span class='ocrx_word' id='word_1_104' title='bbox 977 1774 1066 1830; x_wconf 85' lang='lat' dir='ltr'><strong>carnis</strong></span> <span class='ocrx_word' id='word_1_105' title='bbox 1082 1780 1113 1831; x_wconf 89' lang='lat' dir='ltr'><strong>ut</strong></span> <span class='ocrx_word' id='word_1_106' title='bbox 1129 1774 1222 1833; x_wconf 80' lang='lat' dir='ltr'><strong>tonius</strong></span> <span class='ocrx_word' id='word_1_107' title='bbox 1237 1778 1365 1849; x_wconf 82' lang='lat' dir='ltr'><strong>prematis</strong></span> 
     </span>
     <span class='ocr_line' id='line_1_13' title="bbox 312 1891 1365 1978; baseline 0.001 -28"><span class='ocrx_word' id='word_1_108' title='bbox 312 1903 340 1950; x_wconf 88' lang='lat' dir='ltr'><strong>et</strong></span> <span class='ocrx_word' id='word_1_109' title='bbox 349 1894 464 1949; x_wconf 81' lang='lat' dir='ltr'><strong>validius</strong></span> <span class='ocrx_word' id='word_1_110' title='bbox 475 1893 582 1978; x_wconf 66' lang='lat' dir='ltr'><strong>calcetis</strong></span> <span class='ocrx_word' id='word_1_111' title='bbox 592 1894 713 1950; x_wconf 82' lang='lat' dir='ltr'><strong>intretis:</strong></span> <span class='ocrx_word' id='word_1_112' title='bbox 732 1893 781 1949; x_wconf 89' lang='lat' dir='ltr'><strong>sed</strong></span> <span class='ocrx_word' id='word_1_113' title='bbox 792 1893 939 1965; x_wconf 83' lang='lat' dir='ltr'><strong>subigendo</strong></span> <span class='ocrx_word' id='word_1_114' title='bbox 950 1900 1039 1949; x_wconf 82' lang='lat' dir='ltr'><strong>tenere</strong></span> <span class='ocrx_word' id='word_1_115' title='bbox 1049 1891 1167 1964; x_wconf 84' lang='lat' dir='ltr'><strong>lapidem</strong></span> <span class='ocrx_word' id='word_1_116' title='bbox 1179 1894 1365 1955; x_wconf 81' lang='lat' dir='ltr'><strong>memineritis.</strong></span> 
     </span>
     <span class='ocr_line' id='line_1_14' title="bbox 314 2011 1362 2087; baseline 0.001 -21"><span class='ocrx_word' id='word_1_117' title='bbox 314 2014 377 2067; x_wconf 84' lang='lat' dir='ltr'><strong>Non</strong></span> <span class='ocrx_word' id='word_1_118' title='bbox 389 2013 479 2087; x_wconf 88' lang='lat' dir='ltr'><strong>itaque</strong></span> <span class='ocrx_word' id='word_1_119' title='bbox 491 2012 624 2083; x_wconf 80' lang='lat' dir='ltr'><strong>usquead</strong></span> <span class='ocrx_word' id='word_1_120' title='bbox 634 2012 845 2067; x_wconf 87' lang='lat' dir='ltr'><strong>internecionem</strong></span> <span class='ocrx_word' id='word_1_121' title='bbox 857 2012 985 2067; x_wconf 71' lang='lat' dir='ltr'><strong>desaeviat</strong></span> <span class='ocrx_word' id='word_1_122' title='bbox 996 2029 1090 2069; x_wconf 88' lang='lat' dir='ltr'><strong>mucro</strong></span> <span class='ocrx_word' id='word_1_123' title='bbox 1100 2018 1196 2069; x_wconf 85' lang='lat' dir='ltr'><strong>vester.</strong></span> <span class='ocrx_word' id='word_1_124' title='bbox 1231 2011 1316 2079; x_wconf 88' lang='lat' dir='ltr'><strong>Tolle,</strong></span> <span class='ocrx_word' id='word_1_125' title='bbox 1322 2014 1362 2069; x_wconf 87' lang='lat' dir='ltr'><strong>ait</strong></span> 
     </span>
     <span class='ocr_line' id='line_1_15' title="bbox 313 2130 1363 2205; baseline 0 -20"><span class='ocrx_word' id='word_1_126' title='bbox 313 2132 453 2198; x_wconf 87' lang='lat' dir='ltr'><strong>Dominus,</strong></span> <span class='ocrx_word' id='word_1_127' title='bbox 465 2133 608 2203; x_wconf 80' lang='lat' dir='ltr'><strong>grabatum</strong></span> <span class='ocrx_word' id='word_1_128' title='bbox 628 2140 703 2187; x_wconf 88' lang='lat' dir='ltr'><strong>tuum</strong></span> <span class='ocrx_word' id='word_1_129' title='bbox 715 2141 743 2187; x_wconf 87' lang='lat' dir='ltr'><strong>et</strong></span> <span class='ocrx_word' id='word_1_130' title='bbox 763 2131 889 2189; x_wconf 81' lang='lat' dir='ltr'><strong>ambula:</strong></span> <span class='ocrx_word' id='word_1_131' title='bbox 907 2131 936 2185; x_wconf 92' lang='lat' dir='ltr'><strong>id</strong></span> <span class='ocrx_word' id='word_1_132' title='bbox 956 2138 996 2185; x_wconf 91' lang='lat' dir='ltr'><strong>est</strong></span> <span class='ocrx_word' id='word_1_133' title='bbox 1017 2132 1120 2203; x_wconf 87' lang='lat' dir='ltr'><strong>corpori</strong></span> <span class='ocrx_word' id='word_1_134' title='bbox 1137 2130 1287 2205; x_wconf 79' lang='lat' dir='ltr'><strong>indulgeas,</strong></span> <span class='ocrx_word' id='word_1_135' title='bbox 1307 2148 1363 2186; x_wconf 90' lang='lat' dir='ltr'><strong>non</strong></span> 
     </span>
     <span class='ocr_line' id='line_1_16' title="bbox 311 2246 1362 2319; baseline 0.001 -19"><span class='ocrx_word' id='word_1_136' title='bbox 311 2246 420 2302; x_wconf 84' lang='lat' dir='ltr'><strong>servias.</strong></span> <span class='ocrx_word' id='word_1_137' title='bbox 456 2247 544 2306; x_wconf 83' lang='lat' dir='ltr'><strong>Quam</strong></span> <span class='ocrx_word' id='word_1_138' title='bbox 557 2247 674 2300; x_wconf 81' lang='lat' dir='ltr'><strong>suaviter</strong></span> <span class='ocrx_word' id='word_1_139' title='bbox 692 2246 721 2300; x_wconf 88' lang='lat' dir='ltr'><strong>in</strong></span> <span class='ocrx_word' id='word_1_140' title='bbox 733 2247 834 2319; x_wconf 89' lang='lat' dir='ltr'><strong>impetu</strong></span> <span class='ocrx_word' id='word_1_141' title='bbox 855 2247 962 2319; x_wconf 90' lang='lat' dir='ltr'><strong>spiritus</strong></span> <span class='ocrx_word' id='word_1_142' title='bbox 973 2247 1079 2313; x_wconf 86' lang='lat' dir='ltr'><strong>evehor,</strong></span> <span class='ocrx_word' id='word_1_143' title='bbox 1093 2247 1157 2301; x_wconf 91' lang='lat' dir='ltr'><strong>dum</strong></span> <span class='ocrx_word' id='word_1_144' title='bbox 1176 2248 1253 2301; x_wconf 88' lang='lat' dir='ltr'><strong>vobis</strong></span> <span class='ocrx_word' id='word_1_145' title='bbox 1266 2248 1362 2315; x_wconf 85' lang='lat' dir='ltr'><strong>scribo,</strong></span> 
     </span>
     <span class='ocr_line' id='line_1_17' title="bbox 310 2363 1360 2439; baseline 0.003 -23"><span class='ocrx_word' id='word_1_146' title='bbox 310 2371 366 2417; x_wconf 89' lang='lat' dir='ltr'><strong>tam</strong></span> <span class='ocrx_word' id='word_1_147' title='bbox 378 2381 450 2435; x_wconf 80' lang='lat' dir='ltr'><strong>segre</strong></span> <span class='ocrx_word' id='word_1_148' title='bbox 459 2363 516 2417; x_wconf 87' lang='lat' dir='ltr'><strong>iero</strong></span> <span class='ocrx_word' id='word_1_149' title='bbox 524 2363 589 2417; x_wconf 91' lang='lat' dir='ltr'><strong>dum</strong></span> <span class='ocrx_word' id='word_1_150' title='bbox 600 2364 629 2417; x_wconf 93' lang='lat' dir='ltr'><strong>in</strong></span> <span class='ocrx_word' id='word_1_151' title='bbox 638 2363 725 2421; x_wconf 89' lang='lat' dir='ltr'><strong>medio</strong></span> <span class='ocrx_word' id='word_1_152' title='bbox 734 2363 838 2419; x_wconf 88' lang='lat' dir='ltr'><strong>itineris</strong></span> <span class='ocrx_word' id='word_1_153' title='bbox 847 2364 991 2420; x_wconf 72' lang='lat' dir='ltr'><strong>subsistere</strong></span> <span class='ocrx_word' id='word_1_154' title='bbox 1003 2381 1092 2439; x_wconf 83' lang='lat' dir='ltr'><strong>cogor.</strong></span> <span class='ocrx_word' id='word_1_155' title='bbox 1128 2364 1174 2419; x_wconf 86' lang='lat' dir='ltr'><strong>Ad</strong></span> <span class='ocrx_word' id='word_1_156' title='bbox 1187 2364 1360 2437; x_wconf 85' lang='lat' dir='ltr'><strong>quaestionem</strong></span> 
     </span>
    </p>
   </div>
   <div class='ocr_carea' id='block_1_3' title="bbox 311 2480 1344 2555">
    <p class='ocr_par' dir='ltr' id='par_1_3' title="bbox 311 2480 1344 2555">
     <span class='ocr_line' id='line_1_18' title="bbox 311 2480 1344 2555; baseline 0.002 -21"><span class='ocrx_word' id='word_1_157' title='bbox 311 2480 448 2552; x_wconf 83' lang='lat' dir='ltr'><strong>responde,</strong></span> <span class='ocrx_word' id='word_1_158' title='bbox 460 2499 541 2555; x_wconf 91' lang='lat' dir='ltr'><strong>parco</strong></span> <span class='ocrx_word' id='word_1_159' title='bbox 553 2482 683 2554; x_wconf 88' lang='lat' dir='ltr'><strong>quianon</strong></span> <span class='ocrx_word' id='word_1_160' title='bbox 695 2482 875 2555; x_wconf 80' lang='lat' dir='ltr'><strong>pertirnctorie</strong></span> <span class='ocrx_word' id='word_1_161' title='bbox 884 2499 943 2536; x_wconf 90' lang='lat' dir='ltr'><strong>eam</strong></span> <span class='ocrx_word' id='word_1_162' title='bbox 954 2489 1069 2537; x_wconf 83' lang='lat' dir='ltr'><strong>tractare</strong></span> <span class='ocrx_word' id='word_1_163' title='bbox 1081 2482 1201 2554; x_wconf 76' lang='lat' dir='ltr'><strong>dispono.</strong></span> <span class='ocrx_word' id='word_1_164' title='bbox 1237 2482 1344 2537; x_wconf 85' lang='lat' dir='ltr'><strong>Valete.</strong></span> 
     </span>
    </p>
   </div>
   <div class='ocr_carea' id='block_1_4' title="bbox 763 2928 922 2985">
    <p class='ocr_par' dir='ltr' id='par_1_4' title="bbox 763 2928 922 2985">
     <span class='ocr_line' id='line_1_19' title="bbox 763 2928 922 2985; baseline -0.006 0"><span class='ocrx_word' id='word_1_165' title='bbox 763 2932 798 2985; x_wconf 78' lang='lat'><strong>3⁵</strong></span> <span class='ocrx_word' id='word_1_166' title='bbox 819 2928 922 2985; x_wconf 84' lang='lat' dir='ltr'><strong>ITEM.</strong></span> 
     </span>
    </p>
   </div>
   <div class='ocr_carea' id='block_1_5' title="bbox 307 3073 1361 3989">
    <p class='ocr_par' dir='ltr' id='par_1_5' title="bbox 307 3073 1361 3989">
     <span class='ocr_line' id='line_1_20' title="bbox 346 3073 1361 3155; baseline 0.001 -25"><span class='ocrx_word' id='word_1_167' title='bbox 346 3074 495 3131; x_wconf 76' lang='lat' dir='ltr'><strong>Destitrtus</strong></span> <span class='ocrx_word' id='word_1_168' title='bbox 506 3091 554 3146; x_wconf 87' lang='lat' dir='ltr'><strong>spe</strong></span> <span class='ocrx_word' id='word_1_169' title='bbox 564 3073 674 3129; x_wconf 85' lang='lat' dir='ltr'><strong>ulterius</strong></span> <span class='ocrx_word' id='word_1_170' title='bbox 684 3074 847 3147; x_wconf 89' lang='lat' dir='ltr'><strong>procedendi</strong></span> <span class='ocrx_word' id='word_1_171' title='bbox 859 3074 1013 3132; x_wconf 82' lang='lat' dir='ltr'><strong>subsederat</strong></span> <span class='ocrx_word' id='word_1_172' title='bbox 1024 3094 1078 3135; x_wconf 86' lang='lat' dir='ltr'><strong>non</strong></span> <span class='ocrx_word' id='word_1_173' title='bbox 1089 3076 1189 3145; x_wconf 81' lang='lat' dir='ltr'><strong>uolens,</strong></span> <span class='ocrx_word' id='word_1_174' title='bbox 1197 3077 1244 3134; x_wconf 86' lang='lat' dir='ltr'><strong>sed</strong></span> <span class='ocrx_word' id='word_1_175' title='bbox 1253 3085 1361 3155; x_wconf 86' lang='lat' dir='ltr'><strong>propter</strong></span> 
     </span>
     <span class='ocr_line' id='line_1_21' title="bbox 310 3196 1359 3271; baseline 0.002 -21"><span class='ocrx_word' id='word_1_176' title='bbox 310 3213 372 3251; x_wconf 90' lang='lat' dir='ltr'><strong>eum</strong></span> <span class='ocrx_word' id='word_1_177' title='bbox 384 3200 430 3269; x_wconf 91' lang='lat' dir='ltr'><strong>qui</strong></span> <span class='ocrx_word' id='word_1_178' title='bbox 442 3198 517 3270; x_wconf 84' lang='lat' dir='ltr'><strong>qussi</strong></span> <span class='ocrx_word' id='word_1_179' title='bbox 529 3197 618 3253; x_wconf 89' lang='lat' dir='ltr'><strong>media</strong></span> <span class='ocrx_word' id='word_1_180' title='bbox 629 3198 674 3252; x_wconf 81' lang='lat' dir='ltr'><strong>via</strong></span> <span class='ocrx_word' id='word_1_181' title='bbox 685 3214 728 3251; x_wconf 90' lang='lat' dir='ltr'><strong>mc</strong></span> <span class='ocrx_word' id='word_1_182' title='bbox 741 3197 889 3252; x_wconf 87' lang='lat' dir='ltr'><strong>deserebat.</strong></span> <span class='ocrx_word' id='word_1_183' title='bbox 926 3197 1039 3252; x_wconf 88' lang='lat' dir='ltr'><strong>Interim</strong></span> <span class='ocrx_word' id='word_1_184' title='bbox 1051 3196 1127 3253; x_wconf 87' lang='lat' dir='ltr'><strong>flavit</strong></span> <span class='ocrx_word' id='word_1_185' title='bbox 1139 3198 1245 3271; x_wconf 88' lang='lat' dir='ltr'><strong>spiritus</strong></span> <span class='ocrx_word' id='word_1_186' title='bbox 1262 3200 1359 3267; x_wconf 90' lang='lat' dir='ltr'><strong>bonus,</strong></span> 
     </span>
     <span class='ocr_line' id='line_1_22' title="bbox 309 3315 1360 3393; baseline 0.001 -22"><span class='ocrx_word' id='word_1_187' title='bbox 309 3324 337 3371; x_wconf 89' lang='lat' dir='ltr'><strong>et</strong></span> <span class='ocrx_word' id='word_1_188' title='bbox 348 3316 412 3369; x_wconf 90' lang='lat' dir='ltr'><strong>dum</strong></span> <span class='ocrx_word' id='word_1_189' title='bbox 424 3316 496 3369; x_wconf 88' lang='lat' dir='ltr'><strong>illius</strong></span> <span class='ocrx_word' id='word_1_190' title='bbox 506 3316 621 3370; x_wconf 83' lang='lat' dir='ltr'><strong>cassavit</strong></span> <span class='ocrx_word' id='word_1_191' title='bbox 627 3316 799 3393; x_wconf 79' lang='lat' dir='ltr'><strong>propositum,</strong></span> <span class='ocrx_word' id='word_1_192' title='bbox 807 3324 928 3377; x_wconf 84' lang='lat' dir='ltr'><strong>nostrum</strong></span> <span class='ocrx_word' id='word_1_193' title='bbox 936 3315 1081 3387; x_wconf 88' lang='lat' dir='ltr'><strong>complevit</strong></span> <span class='ocrx_word' id='word_1_194' title='bbox 1090 3316 1261 3379; x_wconf 79' lang='lat' dir='ltr'><strong>desiderium.</strong></span> <span class='ocrx_word' id='word_1_195' title='bbox 1297 3318 1360 3372; x_wconf 88' lang='lat' dir='ltr'><strong>Mo-</strong></span> 
     </span>
     <span class='ocr_line' id='line_1_23' title="bbox 309 3423 1359 3512; baseline 0.002 -23"><span class='ocrx_word' id='word_1_196' title='bbox 309 3450 368 3489; x_wconf 86' lang='lat' dir='ltr'><strong>ram</strong></span> <span class='ocrx_word' id='word_1_197' title='bbox 378 3432 555 3505; x_wconf 70' lang='lat' dir='ltr'><strong>proculdubio</strong></span> <span class='ocrx_word' id='word_1_198' title='bbox 571 3434 707 3502; x_wconf 85' lang='lat' dir='ltr'><strong>timebam,</strong></span> <span class='ocrx_word' id='word_1_199' title='bbox 720 3443 748 3489; x_wconf 86' lang='lat' dir='ltr'><strong>et</strong></span> <span class='ocrx_word' id='word_1_200' title='bbox 763 3434 890 3510; x_wconf 84' lang='lat' dir='ltr'><strong>temporis</strong></span> <span class='ocrx_word' id='word_1_201' title='bbox 903 3434 961 3495; x_wconf 81' lang='lat' dir='ltr'><strong>sire</strong></span> <span class='ocrx_word' id='word_1_202' title='bbox 975 3434 1116 3509; x_wconf 80' lang='lat' dir='ltr'><strong>portatoris</strong></span> <span class='ocrx_word' id='word_1_203' title='bbox 1129 3423 1359 3512; x_wconf 73' lang='lat' dir='ltr'><strong>inportunitatem</strong></span> 
     </span>
     <span class='ocr_line' id='line_1_24' title="bbox 309 3552 1358 3632; baseline 0.001 -24"><span class='ocrx_word' id='word_1_204' title='bbox 309 3552 345 3608; x_wconf 89' lang='lat' dir='ltr'><strong>ad</strong></span> <span class='ocrx_word' id='word_1_205' title='bbox 362 3569 451 3610; x_wconf 83' lang='lat' dir='ltr'><strong>meam</strong></span> <span class='ocrx_word' id='word_1_206' title='bbox 467 3552 561 3611; x_wconf 81' lang='lat' dir='ltr'><strong>referri</strong></span> <span class='ocrx_word' id='word_1_207' title='bbox 577 3552 721 3632; x_wconf 76' lang='lat' dir='ltr'><strong>ignaviam,</strong></span> <span class='ocrx_word' id='word_1_208' title='bbox 739 3554 805 3611; x_wconf 85' lang='lat' dir='ltr'><strong>setis</strong></span> <span class='ocrx_word' id='word_1_209' title='bbox 820 3553 992 3627; x_wconf 84' lang='lat' dir='ltr'><strong>pertinaciter</strong></span> <span class='ocrx_word' id='word_1_210' title='bbox 1009 3552 1172 3611; x_wconf 84' lang='lat' dir='ltr'><strong>devitabam.</strong></span> <span class='ocrx_word' id='word_1_211' title='bbox 1209 3554 1248 3611; x_wconf 88' lang='lat' dir='ltr'><strong>Ut</strong></span> <span class='ocrx_word' id='word_1_212' title='bbox 1266 3555 1358 3627; x_wconf 81' lang='lat' dir='ltr'><strong>itaque</strong></span> 
     </span>
     <span class='ocr_line' id='line_1_25' title="bbox 308 3672 1359 3750; baseline 0 -22"><span class='ocrx_word' id='word_1_213' title='bbox 308 3690 397 3730; x_wconf 87' lang='lat' dir='ltr'><strong>mesm</strong></span> <span class='ocrx_word' id='word_1_214' title='bbox 407 3672 588 3750; x_wconf 89' lang='lat' dir='ltr'><strong>insipientiam</strong></span> <span class='ocrx_word' id='word_1_215' title='bbox 599 3673 683 3728; x_wconf 84' lang='lat' dir='ltr'><strong>oculis</strong></span> <span class='ocrx_word' id='word_1_216' title='bbox 694 3673 840 3729; x_wconf 84' lang='lat' dir='ltr'><strong>amicorum</strong></span> <span class='ocrx_word' id='word_1_217' title='bbox 853 3682 880 3729; x_wconf 87' lang='lat' dir='ltr'><strong>et</strong></span> <span class='ocrx_word' id='word_1_218' title='bbox 890 3673 1059 3735; x_wconf 82' lang='lat' dir='ltr'><strong>dominorum</strong></span> <span class='ocrx_word' id='word_1_219' title='bbox 1070 3690 1189 3733; x_wconf 89' lang='lat' dir='ltr'><strong>meorum</strong></span> <span class='ocrx_word' id='word_1_220' title='bbox 1199 3672 1359 3747; x_wconf 82' lang='lat' dir='ltr'><strong>simpliciter</strong></span> 
     </span>
     <span class='ocr_line' id='line_1_26' title="bbox 307 3790 1359 3873; baseline 0.005 -25"><span class='ocrx_word' id='word_1_221' title='bbox 307 3790 428 3862; x_wconf 77' lang='lat' dir='ltr'><strong>prodam,</strong></span> <span class='ocrx_word' id='word_1_222' title='bbox 440 3807 497 3849; x_wconf 81' lang='lat' dir='ltr'><strong>uon</strong></span> <span class='ocrx_word' id='word_1_223' title='bbox 509 3790 581 3866; x_wconf 86' lang='lat' dir='ltr'><strong>quod</strong></span> <span class='ocrx_word' id='word_1_224' title='bbox 593 3807 627 3845; x_wconf 83' lang='lat' dir='ltr'><strong>ex</strong></span> <span class='ocrx_word' id='word_1_225' title='bbox 637 3792 819 3864; x_wconf 83' lang='lat' dir='ltr'><strong>promptuario</strong></span> <span class='ocrx_word' id='word_1_226' title='bbox 837 3792 904 3848; x_wconf 83' lang='lat' dir='ltr'><strong>aridi</strong></span> <span class='ocrx_word' id='word_1_227' title='bbox 920 3794 1035 3873; x_wconf 82' lang='lat' dir='ltr'><strong>pectoris</strong></span> <span class='ocrx_word' id='word_1_228' title='bbox 1051 3792 1099 3853; x_wconf 88' lang='lat' dir='ltr'><strong>sed</strong></span> <span class='ocrx_word' id='word_1_229' title='bbox 1116 3792 1188 3867; x_wconf 90' lang='lat' dir='ltr'><strong>quod</strong></span> <span class='ocrx_word' id='word_1_230' title='bbox 1206 3792 1240 3849; x_wconf 89' lang='lat' dir='ltr'><strong>de</strong></span> <span class='ocrx_word' id='word_1_231' title='bbox 1256 3792 1359 3854; x_wconf 72' lang='lat' dir='ltr'><strong>hermis</strong></span> 
     </span>
     <span class='ocr_line' id='line_1_27' title="bbox 307 3906 1358 3989; baseline 0.006 -28"><span class='ocrx_word' id='word_1_232' title='bbox 307 3906 409 3981; x_wconf 78' lang='lat' dir='ltr'><strong>loseph</strong></span> <span class='ocrx_word' id='word_1_233' title='bbox 425 3906 454 3961; x_wconf 88' lang='lat' dir='ltr'><strong>ln</strong></span> <span class='ocrx_word' id='word_1_234' title='bbox 470 3908 554 3963; x_wconf 84' lang='lat' dir='ltr'><strong>saccis</strong></span> <span class='ocrx_word' id='word_1_235' title='bbox 572 3907 687 3966; x_wconf 86' lang='lat' dir='ltr'><strong>filiorum</strong></span> <span class='ocrx_word' id='word_1_236' title='bbox 705 3910 790 3965; x_wconf 81' lang='lat' dir='ltr'><strong>Jacob</strong></span> <span class='ocrx_word' id='word_1_237' title='bbox 808 3918 926 3968; x_wconf 86' lang='lat' dir='ltr'><strong>mutuam</strong></span> <span class='ocrx_word' id='word_1_238' title='bbox 943 3929 1099 3985; x_wconf 89' lang='lat' dir='ltr'><strong>proponam.</strong></span> <span class='ocrx_word' id='word_1_239' title='bbox 1136 3914 1280 3989; x_wconf 78' lang='lat' dir='ltr'><strong>Apponam</strong></span> <span class='ocrx_word' id='word_1_240' title='bbox 1295 3929 1358 3967; x_wconf 79' lang='lat' dir='ltr'><strong>sero</strong></span> 
     </span>
    </p>
   </div>
   <div class='ocr_carea' id='block_1_6' title="bbox 308 4027 1357 4102">
    <p class='ocr_par' dir='ltr' id='par_1_6' title="bbox 308 4027 1357 4102">
     <span class='ocr_line' id='line_1_28' title="bbox 308 4027 1357 4102; baseline 0.002 -19"><span class='ocrx_word' id='word_1_241' title='bbox 308 4027 384 4098; x_wconf 89' lang='lat' dir='ltr'><strong>prius</strong></span> <span class='ocrx_word' id='word_1_242' title='bbox 395 4027 423 4083; x_wconf 87' lang='lat' dir='ltr'><strong>in</strong></span> <span class='ocrx_word' id='word_1_243' title='bbox 437 4045 529 4083; x_wconf 84' lang='lat' dir='ltr'><strong>mensa</strong></span> <span class='ocrx_word' id='word_1_244' title='bbox 545 4028 597 4084; x_wconf 89' lang='lat' dir='ltr'><strong>ists</strong></span> <span class='ocrx_word' id='word_1_245' title='bbox 614 4046 697 4101; x_wconf 88' lang='lat' dir='ltr'><strong>panes</strong></span> <span class='ocrx_word' id='word_1_246' title='bbox 712 4028 898 4102; x_wconf 84' lang='lat' dir='ltr'><strong>propositionis</strong></span> <span class='ocrx_word' id='word_1_247' title='bbox 917 4039 1021 4098; x_wconf 79' lang='lat' dir='ltr'><strong>vestrae,</strong></span> <span class='ocrx_word' id='word_1_248' title='bbox 1033 4040 1064 4087; x_wconf 84' lang='lat' dir='ltr'><strong>ut</strong></span> <span class='ocrx_word' id='word_1_249' title='bbox 1080 4049 1140 4087; x_wconf 90' lang='lat' dir='ltr'><strong>cum</strong></span> <span class='ocrx_word' id='word_1_250' title='bbox 1158 4030 1200 4087; x_wconf 90' lang='lat' dir='ltr'><strong>bis</strong></span> <span class='ocrx_word' id='word_1_251' title='bbox 1218 4038 1357 4093; x_wconf 82' lang='lat' dir='ltr'><strong>sumantur</strong></span> 
     </span>
    </p>
   </div>
   <div class='ocr_carea' id='block_1_7' title="bbox 0 0 1554 5192">
    <p class='ocr_par' dir='ltr' id='par_1_7' title="bbox 0 0 1554 5192">
     <span class='ocr_line' id='line_1_29' title="bbox 0 0 1554 5192; baseline 0 0"><span class='ocrx_word' id='word_1_252' title='bbox 0 0 1554 5192; x_wconf 95' lang='lat' dir='ltr'><strong> </strong></span> 
     </span>
    </p>
   </div>
  </div>
 </body>
</html>
