3100 5192
327 445 363 495 94
764 438 799 491 G.
819 438 941 492 Asssrrs

327 591 453 657 amicitia,
464 590 510 645 sed
524 608 585 663 quse
597 591 730 664 germinat
741 592 903 663 cognitione,
917 590 1011 645 crescit
1027 587 1217 653 familiaritate,
1237 586 1388 642 frondescit

327 712 528 779 cousuetudine,
540 712 713 784 germinascit
725 711 812 765 cordis
824 710 1006 783 amplitudine,
1019 709 1161 763 fructificat
1172 708 1292 779 perlecta
1302 706 1383 761 iden-

327 830 412 885 titate.
450 831 504 886 Hic
516 832 595 886 arbor
605 831 650 885 tici
664 831 813 903 plantanda
831 839 858 884 et
873 826 1100 884 circumfodienda
1117 834 1164 893 est,
1183 835 1213 881 ut
1231 825 1391 881 dulcedinis

327 951 444 1005 fructum
455 952 484 1005 in
496 969 561 1022 agro
572 951 718 1006 amicorum
729 951 832 1004 afferat.
870 949 923 1004 Hic
935 947 1031 1021 triplici
1043 949 1090 1003 filo
1103 946 1320 1019 contorquendus
1339 954 1387 999 est

327 1068 476 1124 dilectionis
487 1069 629 1135 funiculus,
642 1088 678 1124 ue
688 1069 767 1123 facile
779 1076 931 1140 rumpatur:
950 1066 1100 1121 funiculum
1111 1066 1183 1120 hunc
1202 1065 1333 1136 torquebo
1351 1074 1384 1118 ut

327 1195 428 1260 potero,
441 1205 524 1261 quum
536 1187 570 1241 ad
583 1206 625 1241 me
637 1206 685 1259 per
696 1186 861 1258 obsequium,
875 1206 922 1259 per
940 1187 1220 1258 recompensationem,
1234 1202 1282 1257 per
1301 1183 1383 1237 vicis·

327 1306 471 1361 citudinem
494 1305 563 1359 forte
585 1304 748 1377 torquendus
766 1305 918 1359 occurrerit.
962 1304 1045 1357 Verso
1063 1304 1134 1357 enim
1149 1303 1206 1375 jam
1222 1302 1328 1375 pollice,
1349 1302 1385 1355 de

328 1423 445 1477 amicitia
462 1424 610 1488 scribendo,
622 1424 697 1477 iilum
715 1431 887 1494 contorqueo.
924 1423 951 1475 Si
969 1423 1058 1493 placet
1074 1432 1182 1494 pactum
1200 1420 1378 1491 coagulandae

328 1542 470 1609 societatis,
483 1542 658 1615 praefigantur
669 1543 775 1597 termini
786 1551 906 1597 arcentes
918 1543 1153 1613 praesumptionem
1166 1541 1266 1595 odiosae
1274 1558 1386 1613 praeve·-

329 1662 474 1717 ricatiouis.
510 1663 602 1717 Liceat
613 1671 703 1717 tamen
718 1671 804 1717 metas
821 1663 932 1717 transire
949 1662 1005 1715 sine
1020 1662 1224 1733 reprehensione
1242 1646 1386 1732 proficien-¹

329 1789 393 1847 tem,
410 1781 458 1834 sed
475 1781 585 1851 impune
600 1800 654 1834 non
671 1781 751 1835 liceat
770 1780 946 1834 deficientem.
984 1779 1036 1832 Illa
1049 1794 1165 1849 namque
1181 1778 1253 1831 bona
1268 1786 1309 1831 est
1329 1796 1387 1831 non

328 1898 512 1969 transgressio,
524 1898 572 1952 sed
583 1898 739 1969 progressio,
752 1906 835 1969 quum
843 1900 944 1970 justam
958 1916 1109 1953 mensuram
1121 1898 1270 1970 impleverit
1282 1898 1382 1951 amico·

328 2034 389 2073 rum
402 2017 552 2073 adinvicem
561 2017 624 2071 fidei
632 2017 779 2089 promissio.
816 2016 1387 2088 Semperinamicitiaminuspolliceudum,

331 2137 447 2209 amplius
457 2138 650 2209 praestandum.

366 2256 430 2310 Jam
447 2257 529 2326 igitur
545 2257 631 2311 amico
647 2257 742 2328 loquar
757 2265 789 2310 ut
807 2258 900 2311 amico.
939 2257 1033 2312 Amice
1052 2258 1194 2322 carissime,
1213 2258 1307 2328 gratim
1325 2274 1390 2311 suae

332 2373 465 2429 Dominus
476 2371 581 2428 addidit
591 2390 689 2427 novam
699 2374 821 2445 gratiam,
835 2392 917 2445 quum
930 2382 956 2429 te
974 2376 1007 2429 de
1025 2375 1111 2446 priore
1129 2376 1262 2438 abbatem,
1280 2375 1314 2429 de
1331 2393 1383 2429 ove

333 2490 398 2547 iecit
407 2497 549 2563 pastorem.
585 2489 684 2544 Recole
697 2498 805 2549 statum.
817 2492 986 2546 reminiscere
1003 2492 1134 2558 meritum,
1152 2492 1260 2546 attende
1279 2493 1391 2548 donato-

332 2620 430 2666 semet
444 2610 547 2665 datum.
601 2611 710 2665 Βοιιιιιιι
726 2611 779 2665 Dei
797 2612 856 2665 Deo
871 2612 997 2683 resignes,
1016 2630 1071 2665 non
1088 2611 1199 2667 homini.
1245 2614 1389 2683 Tanquam

332 2730 368 2784 de
379 2747 483 2784 summo
493 2732 545 2784 Dei
557 2731 656 2785 vertice
669 2748 795 2785 coronam
809 2731 906 2798 avellit,
920 2734 967 2803 qui
983 2732 1055 2802 quod
1070 2750 1087 2785 a
1105 2732 1164 2787 Deo
1182 2732 1275 2787 datum
1294 2741 1333 2787 est
1350 2734 1386 2788 ab

332 2847 443 2902 bomine
459 2847 635 2918 recognoscit.
672 2848 828 2903 Idololatria
846 2857 885 2903 est
902 2850 963 2905 Deo
980 2850 1098 2905 debitam
1114 2851 1218 2927 homini
1241 2852 1391 2924 rependere

332 2963 456 3038 gratiam.
492 2966 565 3020 Novi
576 2966 744 3039 quorundam
755 2966 856 3021 blanda
866 2966 1007 3033 lenocinia,
1020 2970 1084 3023 novi
1096 2944 1226 3024 vanitates
1237 2977 1263 3023 et
1272 2970 1391 3024 insanias

332 3085 423 3141 tum.
469 3084 587 3147 Quidam
599 3086 645 3152 sic,
659 3086 681 3140 si
693 3087 834 3141 molestum
846 3086 926 3141 fuerit
938 3087 1092 3153 claustrum,
1106 3088 1178 3153 dicit,
1194 3088 1252 3159 Ego
1263 3096 1342 3142 nocte
1360 3096 1389 3143 et

332 3206 378 3262 die
389 3206 424 3269 ad
437 3208 524 3262 Deum
536 3226 638 3273 manus,
646 3217 677 3263 ut
687 3209 758 3263 hauc
766 3209 814 3263 tibi
821 3216 977 3282 potestatem
988 3192 1152 3276 cbncederet,
1163 3208 1286 3281 expandi,
1296 3218 1324 3263 et
1335 3211 1391 3263 sin·

333 3324 453 3396 gultibus
465 3326 606 3391 continuis,
618 3326 704 3380 donec
717 3326 746 3380 id
757 3327 914 3393 efficeretur,
934 3345 1012 3383 aures
1029 3329 1141 3383 Divinas
1155 3327 1270 3400 pulsavi.
1306 3327 1388 3383 Alius

335 3454 425 3501 autem
437 3446 492 3500 sic:
511 3446 570 3517 Ego
581 3446 627 3501 ille
638 3446 821 3519 proloquium,
835 3464 884 3517 ego
896 3464 1043 3519 persuasor,
1063 3467 1113 3519 ego
1129 3448 1243 3503 aliorum
1259 3450 1385 3515 monitor,

335 3562 520 3620 universorum
538 3565 642 3620 animos
658 3565 694 3620 ad
711 3573 738 3620 te
754 3564 890 3633 inclinavi,
909 3574 936 3620 et
952 3564 1031 3621 modo
1049 3567 1120 3637 quod
1137 3566 1198 3620 volo
1216 3565 1386 3638 impudenter

333 3702 426 3757 negas.
461 3684 540 3740 Alius
552 3683 615 3739 “Te
627 3685 715 3740 Deum
725 3684 866 3739 laudamus
876 3684 892 3708 ”
904 3684 1013 3752 recinit;
1032 3684 1102 3739 alius
1112 3685 1320 3741 nominationem
1331 3701 1348 3738 a
1360 3702 1390 3739 ss

335 3804 379 3859 vel
390 3805 586 3861 concessionem
597 3805 696 3861 factam
708 3804 829 3877 improbe
840 3805 970 3860 meminit.
1006 3804 1049 3859 Sic
1061 3803 1151 3876 plures
1159 3812 1221 3859 sunt
1228 3804 1270 3864 tui
1279 3804 1390 3859 abbates

335 3937 417 3995 quam
429 3940 542 3994 quorum
553 3931 583 3978 tu
595 3921 631 3978 sis
642 3924 732 3978 abbas.
769 3923 833 3978 Non
845 3923 890 3989 ita,
904 3922 1011 3977 domine
1030 3930 1057 3977 et
1075 3922 1159 3977 amice
1178 3922 1320 3987 carissime,
1339 3924 1389 3977 fiat

333 4050 372 4109 ut,
386 4041 458 4115 quod
470 4041 504 4098 ab
517 4058 571 4098 uno
582 4040 672 4110 babes,
686 4041 805 4099 amultis
817 4050 843 4099 te
855 4041 952 4099 habere
965 4044 1066 4098 credas.
1103 4043 1166 4098 Non
1178 4042 1324 4098 monachus
1342 4042 1388 4114 qui

1542 70 1543 93 ι

1542 96 1543 111 l

1542 356 1543 369 ι

1542 918 1543 945 l

1396 1216 1403 1231 x

1542 1826 1543 1835 ι

1542 1836 1543 1857 ι

1542 1858 1543 1879 ι
