3100 5192
329 751 364 804 22
784 767 810 801 o.
848 763 963 802 aarum

331 883 405 942 lleua
420 905 483 959 ergo
496 887 608 943 crinrine
616 888 770 960 majestatis,
785 887 873 960 capita
883 886 1024 958 plectatur,
1037 891 1067 939 et
1075 899 1130 938 non
1141 890 1304 939 ιιιιιιισιιιιιι·
1310 883 1390 938 suaa

328 1008 502 1079 Negligantia
513 1009 597 1081 quidl
631 1009 694 1062 Non
714 1008 749 1062 sit
768 1007 905 1061 dissimilis
924 1007 953 1059 in
977 1023 1072 1077 poena,
1093 1021 1162 1076 quae
1189 1004 1335 1076 praecessit
1360 1005 1388 1058 ia

331 1130 421 1201 culpa.
456 1129 530 1183 Talis
540 1130 612 1184 enim
625 1129 735 1193 soboles,
748 1128 797 1182 tali
809 1128 843 1181 da
854 1135 941 1182 matre
951 1127 1077 1192 nucina,
1091 1143 1124 1179 ex
1135 1124 1300 1212 negligentia
1318 1124 1387 1178 scili·

331 1257 375 1304 cet
393 1249 500 1303 oblivio.
536 1250 669 1306 Nuntium
687 1248 782 1302 saltem
802 1265 866 1301 auae
890 1246 990 1312 salutis,
1013 1247 1035 1300 si
1066 1245 1140 1310 vivit,
1168 1245 1273 1300 mittere
1296 1245 1389 1300 deberit

334 1369 460 1434 amicitie,
478 1372 554 1442 ctrjne
565 1335 688 1424 natiiralc
699 1377 740 1423 est
750 1386 855 1440 semper
866 1368 952 1422 odisse
965 1367 1114 1421 absentiam
1126 1374 1153 1420 et
1168 1373 1293 1437 appetere
1316 1382 1393 1436 prae-

330 1488 443 1543 sentiam
456 1490 610 1544 amicornm.
646 1490 725 1543 Forte
736 1498 868 1560 occupata
879 1497 934 1554 est;
949 1488 997 1542 sed
1008 1504 1063 1541 non
1081 1495 1121 1542 est
1131 1494 1216 1557 grata,
1230 1503 1299 1558 qnae
1321 1503 1389 1539 scm·

287 1612 291 1620 '
331 1617 581 1682 perestoccnpata.
619 1582 726 1676 bladsio
743 1616 790 1673 est,
810 1608 893 1662 immo
912 1579 1049 1678 possdseio,
1071 1625 1126 1660 ιιοιι
1152 1579 1299 1678 occuipatio,
1319 1623 1388 1676 quae

326 1696 433 1801 jugiter
443 1730 547 1783 retinet.
584 1729 656 1788 Quid
669 1729 750 1798 ergol
767 1726 981 1799 praeoccupavit,
996 1727 1141 1798 quinimmo
1161 1725 1279 1796 possedit
1298 1724 1389 1779 amici-

328 1849 402 1914 tiam,
415 1866 449 1901 ne
460 1849 590 1913 libertate,
603 1866 638 1902 ne
650 1849 814 1918 ingenuitate
827 1865 875 1900 sua
885 1855 971 1912 utens,
987 1847 1076 1901 radios
1094 1863 1157 1900 arios
1175 1844 1210 1899 ad
1229 1864 1278 1899 nos
1300 1863 1386 1916 nsque

330 1968 513 2040 expanderet?
548 1968 630 2022 Esme
655 1968 736 2022 chaos
748 1985 878 2038 magnum
888 1967 1026 2021 lirrnatum
1036 1966 1166 2020 internos
1177 1973 1204 2019 et
1224 1984 1280 2031 vos,
1305 1973 1336 2019 ut
1357 1965 1388 2018 hi

329 2088 374 2160 qui
387 2089 489 2154 volunt,
515 2087 579 2143 bine
591 2088 703 2142 transire
716 2087 750 2141 ad
762 2105 809 2141 vos
822 2087 998 2158 nonpossint,
1010 2103 1098 2156 neque
1110 2085 1173 2139 inde
1184 2085 1238 2138 buc
1258 2092 1389 2138 tranmne-

331 2208 394 2261 arel
411 2207 463 2260 Sed
471 2207 571 2260 vcaritas
583 2225 690 2260 omnem
702 2206 870 2259 altitudinem
883 2213 1024 2276 exsuperat
1031 2225 1038 2270 ;
1053 2204 1101 2257 sed
1113 2221 1198 2275 aquae
1221 2204 1321 2258 multae
1333 2221 1389 2256 non

335 2332 448 2396 possunt
460 2323 615 2394 extinguere
627 2324 779 2389 caritatem,
794 2323 841 2376 sed
852 2340 906 2375 non
919 2331 959 2376 cst
971 2322 1017 2392 qui
1029 2341 1057 2376 se
1078 2323 1223 2376 abscondat
1241 2341 1258 2376 a
1277 2322 1387 2376 caritate

333 2446 398 2516 ejus,
412 2444 459 2498 sed
471 2444 673 2514 attingitofine
695 2461 781 2514 usque
805 2443 934 2496 adfinem
946 2443 1051 2496 fortiter
1072 2451 1098 2496 at
1118 2443 1242 2513 disponat
1264 2461 1289 2496 o.
1308 2462 1329 2496 s.
1349 2443 1384 2496 Ιιι

332 2571 388 2616 tam
400 2571 492 2618 saneto
505 2563 557 2616 Dei
568 2562 669 2616 famido
682 2563 740 2634 quis
752 2570 787 2627 te,
800 2562 825 2613 0
840 2561 955 2626 dilectio,
969 2561 1124 2628 debilitavit,
1139 2560 1197 2632 quis
1210 2561 1385 2627 obumbravit,

331 2684 390 2755 quis
401 2684 544 2748 hebetavit,
558 2684 618 2754 quis
630 2683 821 2737 commutavit?
856 2682 890 2735 In
903 2682 961 2734 aliis
981 2681 1088 2752 quidem
1100 2700 1156 2735 non
1174 2683 1276 2752 ignoro,
1297 2700 1387 2753 super·

329 2803 454 2858 veniente
466 2803 614 2874 iniquitate,
638 2802 764 2856 virtutem
783 2809 857 2854 tuam
882 2800 1022 2866 debilitari,
1045 2800 1177 2854 oblivione
1199 2801 1288 2856 lucem
1311 2809 1386 2856 tuam

332 2921 492 2985 obumbrari,
505 2920 668 2992 negligentia
679 2903 791 2974 acumen
816 2929 893 2973 tuum
915 2920 1034 2974 hebetari
1056 2927 1082 2972 et
1105 2928 1188 2974 totam
1209 2921 1384 2975 substantiam

326 3059 403 3112 posse
415 3041 476 3096 odio
489 3041 653 3098 commutari.
691 3041 744 3094 Sed
754 3041 783 3094 in
796 3049 887 3096 sancto
900 3058 968 3110 quae
980 3039 1114 3112 iniquitas,
1128 3041 1156 3092 in
1177 3042 1294 3095 studioso
1314 3060 1383 3113 quae

330 3161 436 3228 oblivio,
449 3162 478 3214 in
490 3162 547 3216 viro
559 3162 620 3215 forti
633 3179 702 3231 quae
713 3161 885 3232 negligentia,
896 3160 925 3213 in
946 3160 1025 3231 pleno
1053 3159 1161 3213 caritate
1182 3161 1254 3231 quod
1275 3161 1385 3216 odium?

329 3281 357 3334 si
369 3281 477 3352 quando
490 3281 561 3333 enim
572 3281 691 3352 tepescit,
716 3281 739 3332 si
760 3279 867 3351 quando
887 3279 1017 3344 flavescit,
1031 3280 1054 3333 si
1078 3280 1185 3349 quando
1218 3281 1337 3335 hebescit
1356 3280 1384 3333 in

328 3408 420 3456 sancto
432 3400 536 3466 caritas
546 3416 578 3453 ea
596 3417 664 3470 quae
676 3398 840 3454 extrinsecus
853 3407 915 3453 sunt
927 3400 1084 3466 accusanda,
1105 3417 1163 3456 non
1184 3419 1252 3472 quae
1265 3400 1387 3453 intrinse-

236 3593 240 3599 ,
329 3538 383 3573 cua
421 3520 552 3592 Opposita
563 3520 634 3574 enim
655 3520 792 3574 obstacula
804 3520 969 3574 mentiuntur
980 3521 1119 3578 veritatem
1137 3519 1288 3591 suppositae
1305 3519 1383 3584 lucis,

328 3639 423 3694 caloris
436 3647 463 3693 et
474 3638 549 3693 aciei.
586 3639 699 3710 Oppone
722 3638 812 3709 gladio
831 3638 941 3710 ancipiti
963 3638 1064 3692 ferrum
1085 3646 1111 3692 et
1133 3639 1251 3711 lapidem
1278 3638 1386 3692 durissi-

328 3778 418 3826 mum;
432 3759 575 3815 retrocedit
595 3757 635 3810 vis
652 3758 869 3830 impenetrabilis.
907 3758 1018 3811 Murum
1044 3758 1158 3830 spissum
1183 3776 1288 3830 oppone
1311 3757 1383 3828 igni3

328 3879 431 3932 tardius
443 3878 573 3932 calefacit.
610 3877 745 3932 candelae
758 3895 884 3931 accensae
898 3895 1046 3950 superpone
1057 3879 1177 3932 modium
1191 3899 1197 3932 ι
1212 3880 1240 3932 in
1258 3878 1320 3933 luce
1331 3895 1386 3932 non

328 3998 465 4070 gaudebis.
503 3998 566 4050 Non
579 4005 619 4051 est
630 3998 742 4069 proinde
753 3997 903 4068 putandum
915 4015 970 4052 non
981 3998 1078 4052 lucere·
1095 3999 1243 4066 candelam,
1264 4017 1318 4053 non
1343 4017 1384 4054 ar·

329 4119 392 4174 dere
406 4119 505 4190 ignem,
514 4135 568 4171 nou
580 4136 669 4172 secare
681 4117 809 4188 gladium,
823 4118 870 4172 sed
882 4119 1019 4174 contrariis
1032 4119 1175 4174 obstaculis
1187 4121 1384 4193 imputandum.
1421 4127 1424 4132 '

327 4241 372 4294 Sic
385 4249 536 4298 sanctorum
554 4241 665 4296 virtutes
682 4240 799 4294 aradice
823 4258 871 4294 sua
889 4259 943 4295 non
967 4251 1137 4308 evanescunt,
1159 4243 1207 4297 sed
1226 4243 1384 4315 plerumque

322 4369 436 4434 *propter
453 4362 599 4417 Sabbatum
611 4361 774 4418 ludaeorum
788 4360 989 4420 conticescunt,¹
1010 4355 1146 4418 'Aromata
1159 4363 1230 4420 enim
1243 4381 1291 4418 sua
1303 4363 1384 4417 inter*
