3100 5192
533 596 681 639 naavansrs.
717 595 861 632 errsronn.
1181 579 1213 630 23

156 717 194 770 irn
218 717 247 769 in
259 724 361 770 secreto
385 716 516 770 distillant
533 726 770 789 etrepraesentant
782 727 812 770 ut
831 735 914 787 quum
932 717 988 771 dies
1008 717 1212 788 opportunitatis

157 837 402 902 illuxeritdilueulo
413 837 442 890 in
455 838 580 891 effectum
592 838 733 892 desiderati
742 839 828 909 operis
837 847 1018 909 prorumpant.
1028 837 1115 908 AEque
1125 845 1214 890 tamen

158 967 371 1029 repraesentatur
380 966 407 1012 et
419 957 579 1011 desiderium
592 958 688 1013 ardens
695 959 723 1010 in
736 959 783 1013 otii
797 959 893 1030 quiete,
908 967 1009 1030 etopus
1017 959 1121 1012 fervens
1134 959 1160 1011 in
1172 977 1215 1012 ac·

160 1079 239 1133 tione.
264 1081 396 1150 Acceptat
418 1097 535 1151 namque
554 1080 628 1134 Deus
648 1097 714 1150 opus
734 1089 843 1151 propter
856 1081 990 1145 affectum,
1012 1098 1066 1133 non
1087 1081 1214 1133 affectum

159 1208 267 1271 propter
279 1219 353 1271 opus.
377 1201 506 1272 Magnus,
517 1201 599 1255 immo
614 1201 710 1270 longus
733 1201 810 1254 nobis
821 1210 861 1254 est
873 1201 922 1254 iste
930 1201 986 1254 dies
1005 1201 1123 1266 sabbati,
1139 1203 1214 1273 cujus

159 1320 274 1375 ferisset
293 1320 399 1375 feriales
411 1339 465 1374 nou
473 1322 578 1374 feriales
585 1322 628 1374 vel
641 1321 770 1386 solennes,
791 1321 838 1374 sed
850 1321 944 1374 ferales
955 1331 981 1375 et
993 1322 1093 1374 olentes
1105 1331 1212 1393 reputa-

159 1459 227 1495 mus.
252 1442 425 1513 Negligentia
448 1441 579 1512 siquidem
592 1442 662 1494 male
674 1442 735 1507 olet,
750 1441 889 1512 diligentia
901 1461 1004 1513 semper
1016 1443 1084 1496 bene
1105 1442 1216 1496 redolet.

159 1562 236 1616 Iners
244 1551 458 1616 ⁸ludnizantium
485 1562 594 1634 pigritia
624 1580 679 1614 non
703 1563 791 1633 diligit
810 1564 964 1628 Sabbatum,
990 1563 1053 1633 quia
1083 1571 1212 1628 sanctum,

160 1683 208 1736 sed
227 1684 291 1755 quia
313 1684 436 1737 otiosum.
473 1683 611 1737 lohannes
629 1702 694 1737 vero
718 1684 806 1737 stabat
817 1684 846 1736 in
859 1683 901 1737 die
911 1702 1009 1755 magno
1019 1684 1170 1737 festivitatis
1187 1692 1214 1737 et

159 1804 300 1858 clamabat:
325 1789 353 1857 si
377 1805 436 1874 quis
457 1805 520 1870 sitit,
537 1805 628 1858 veniat
649 1804 683 1857 ad
704 1823 747 1858 me
760 1814 786 1859 et
798 1806 824 1858 b.
862 1806 980 1876 Magnus
993 1805 1049 1858 dies
1061 1805 1213 1859 festivitatis

156 1942 220 1978 vere
228 1943 357 1996 magnum
367 1925 450 1979 habet
460 1909 741 1979 clamorem’caritatis.
776 1926 794 1978 J
796 1944 840 1978 am
849 1943 902 1978 non
916 1934 1003 1978 taceat
1015 1926 1109 1978 caritas
1119 1935 1214 1992 vestra,

154 2047 270 2118 jamjam
288 2047 421 2119 loquatur,
449 2046 531 2099 immo
543 2045 642 2111 veniat,
654 2045 737 2098 immo
749 2055 879 2099 accurrat.
916 2046 1057 2100 Desiderat
1069 2065 1115 2100 vos
1125 2047 1214 2100 anima

164 2185 241 2234 mea3
259 2167 414 2221 desiderant
425 2186 472 2222 vos
484 2167 562 2221 amici
574 2167 666 2220 nostri.
677 2165 817 2221 ostendite
829 2167 925 2221 laciem
938 2176 1063 2234 vestram;
1076 2176 1152 2221 sonet
1163 2186 1217 2222 vox

160 2289 288 2344 vestram
300 2289 408 2342 auribus
438 2287 544 2341 nostris.

548 2762 573 2810 6.
610 2757 732 2811 EIDEM
753 2755 860 2810 IDEM.

268 2891 398 2930 nuscetur)
430 2892 477 2928 EST
512 2892 547 2927 ΕΤ
578 2891 685 2928 ΡΟΤΕΒΤ.

160 2979 318 3074 uiramur
328 3002 474 3074 plurimum
480 3010 556 3055 tanto
565 3019 614 3054 nos
626 3010 745 3071 ternpore
752 3002 909 3054 insalutatos
922 3020 939 3055 a
947 2987 1211 3071 vestra’patemitate

158 3127 235 3200 qnasi
246 3126 382 3196 neglectos
394 3123 493 3178 titisse:
506 3140 561 3176 non
574 3121 707 3176 credimus
719 3140 752 3175 ex
770 3121 941 3193 negligentia,
951 3121 997 3176 sed
1006 3121 1073 3175 forte
1083 3101 1217 3176 exinevi·

165 3247 241 3301 tabili
259 3246 463 3317 occupationum
476 3252 624 3299 rosnarum
635 3245 753 3314 pondere
765 3243 803 3296 sic
813 3262 967 3315 oppressum
980 3244 1090 3298 siluisse.
1109 3245 1213 3298 Clame-

157 3387 216 3422 mus
223 3368 332 3422 tandem
343 3374 404 3438 post
419 3385 473 3419 vos.
494 3365 634 3419 Voluimus
647 3364 718 3418 enim
730 3365 857 3419 suscitare
865 3359 1081 3436 'compassionem
1092 3365 1121 3418 in
1135 3365 1212 3419 vobis

146 3489 327 3562 ’passiombus
356 3488 460 3541 nostris.
507 3488 603 3558 Neque
634 3486 706 3561 enirn
738 3486 852 3557 superbe
888 3493 928 3539 est
949 3486 1041 3539 amicis
1071 3485 1213 3540 celandum

157 3611 229 3664 forte
272 3609 418 3680 subrepens
463 3607 646 3672 infortunium,
704 3625 755 3661 nec
785 3593 991 3659 ’contumaciter
1033 3613 1079 3662 aut
1126 3605 1214 3659 inver-

161 3729 264 3785 ecunde
289 3728 435 3802 petendum
472 3729 652 3784 necessarium
685 3717 857 3800 ‘suffragium
900 3727 1010 3780 'Vitium
1061 3735 1214 3798 utrumque,

165 3850 213 3905 sed
230 3851 343 3905 ulterram
371 3849 485 3922 patienti
503 3850 618 3922 gravius,
651 3849 764 3904 alterum
788 3848 893 3919 roganti
922 3848 1074 3919 ignobilius.
1106 3849 1212 3902 Malum
1241 3864 1243 3868 ·

157 3990 275 4045 namque
287 3971 471 4027 absconditum
488 3978 567 4042 urget
578 3970 672 4035 acrius,
683 3969 838 4043 indecenter
847 3964 1023 4040 ‘propalatum
1041 3976 1121 4022 nocet
1139 3984 1215 4039 aper·

156 4095 219 4149 tius
231 4094 358 4149 Exoritur
369 4092 443 4147 alind
461 4109 478 4144 a
488 4091 627 4146 nobilitate
636 4099 749 4156 naturae,
763 4089 837 4143 aliud
855 4089 1044 4144 aneoessitatia
1055 4089 1211 4160 propagine.

163 4217 274 4288 Semper
296 4215 367 4271 enim
386 4221 483 4268 natura
501 4213 555 4267 suis
568 4222 694 4267 contenta
711 4211 907 4276 estlimitibus;
921 4210 1065 4266 necessitas
1083 4227 1146 4264 vero
1158 4209 1218 4264 nul-
