3100 5192
558 725 705 762 nnnrnnsrs
724 726 868 762 urrsroms.
1202 709 1234 759 41

184 846 265 913 tione,
286 845 408 902 coelestes
432 846 624 902 exhauriuntur
634 848 759 914 thesauri,
781 849 959 921 negotiatores
981 847 1153 920 requiruntur
1164 847 1239 902 ditis·

182 968 244 1022 simi
256 977 283 1022 et
294 967 459 1035 divinissimi,
474 977 669 1042 comparatores
680 987 787 1041 quoque
801 970 987 1026 liberalissimi.
1024 969 1139 1025 Coeleste
1156 971 1238 1042 siqui·

183 1088 244 1142 dem
269 1089 458 1145 commercium
488 1089 675 1162 supercoeleste
700 1090 834 1166 desiderat
862 1091 985 1163 pretium.
1033 1091 1107 1152 Quid
1137 1108 1235 1164 nempe

183 1213 334 1285 virginitate
347 1213 488 1281 coelestiru,
502 1214 652 1270 humilitate
674 1213 900 1288 quidexcelsiusl
935 1214 969 1268 In
993 1214 1143 1270 diedemate
1164 1214 1238 1270 Salo-

183 1336 270 1390 monis
288 1335 432 1408 prael'ulget
456 1335 546 1404 altera,
571 1337 742 1394 in-thosauris
759 1339 840 1410 regiis
850 1337 991 1411 pretiosior
1002 1345 1042 1392 est
1065 1336 1157 1393 altera.
1193 1337 1237 1392 Ex

183 1465 296 1528 utraque
310 1466 400 1512 tamen
413 1459 532 1512 omnium
553 1459 649 1513 artifex
668 1459 807 1532 Sapientia
825 1459 926 1514 monile
938 1459 1086 1531 composuit
1099 1467 1126 1514 et
1143 1458 1237 1514 renale

183 1579 330 1650 proposuit.
365 1579 419 1639 Qui
427 1587 515 1651 potest
524 1595 620 1651 capere
632 1580 729 1651 capiat.
763 1579 873 1634 Adhoc
880 1579 1240 1636 manusadolescentularunr

182 1699 245 1752 satis
269 1698 407 1753 ambitiose
432 1699 508 1770 qussi
531 1707 664 1754 tentantes
681 1717 769 1753 emere
793 1699 1050 1766 circumvolitabant,
1072 1700 1120 1754 sed
1147 1699 1239 1755 audito

180 1821 274 1892 pretio,
284 1822 373 1875 statim
385 1839 478 1876 omnes
491 1821 653 1878 resiliebant
686 1820 735 1876 'Ad
756 1829 916 1886 extremum,
936 1839 1007 1892 pene
1020 1822 1080 1894 jam
1095 1821 1237 1894 desperato

180 1943 289 2014 negotio
300 1943 460 2014 virguncula
471 1944 596 2016 quaedam
603 1944 808 2016 Andagavensis
819 1942 930 2000 Comitis
938 1944 995 1998 filia
1001 1944 1236 2026 surreximanum

179 2064 302 2118 adfortia
316 2063 397 2129 misit,
414 2072 441 2118 et
449 2082 520 2118 nova
534 2065 740 2119 commutatione
753 2083 803 2136 pro
817 2082 881 2136 rege
890 2066 1041 2136 Anglorum
1055 2084 1148 2137 regern
1163 2085 1235 2123 com·

179 2186 296 2239 mutavit
312 2185 487 2256 Angelorum.
523 2185 592 2240 Haee
612 2185 727 2257 gloriosa
743 2185 817 2240 dicta
831 2195 894 2240 sunt
909 2187 945 2241 de
963 2195 998 2253 te,
1010 2188 1146 2242 cfflssinm
1161 2188 1236 2244 dom·

180 2308 236 2363 ina.
272 2307 387 2378 Indulge
400 2316 488 2362 eutem
500 2309 573 2374 mihi,
588 2308 660 2380 quod
672 2327 793 2363 sermone
806 2308 937 2363 diffirsiori
952 2317 979 2364 te
994 2310 1054 2382 plus
1065 2311 1140 2382 justo
1159 2319 1236 2366 tenu

180 2430 254 2496 erim,
268 2439 295 2484 et
306 2430 399 2485 credas
412 2431 622 2486 exabundantia
634 2433 731 2486 amoris
743 2431 847 2503 copiam
859 2431 999 2504 protulisse
1006 2434 1142 2487 sermonis.
1179 2435 1235 2490 Ora
1289 2416 1292 2420 Δ

179 2569 242 2624 ergo
253 2570 302 2625 pro
314 2552 399 2606 nobis.

249 2673 292 2728 Ds
311 2673 504 2746 componendis
519 2682 608 2729 cutem
627 2675 787 2746 quibusdam
804 2676 969 2730 sententiolis
985 2676 1114 2731 sermonis
1124 2678 1163 2732 tui
1178 2695 1232 2733 non

176 2812 237 2848 sum
256 2795 363 2850 oblitus:
377 2796 423 2851 sed
435 2804 491 2851 tam
499 2796 552 2851 cito
560 2796 669 2870 implere
681 2814 735 2851 non
747 2798 831 2868 potui,
843 2797 964 2870 pluribus
972 2798 1125 2870 impeditus.

687 3414 720 3464 12

246 3531 362 3585 Douruo
374 3549 424 3586 suo
434 3549 467 3586 nr
481 3549 562 3586 sarrs
573 3533 753 3587 caereoruo'l'.
766 3532 928 3588 Parrsrausr
939 3553 1065 3590 crescoro
1075 3553 1180 3591 raanan
1192 3539 1228 3592 G.

174 3675 300 3724 ironicis,
315 3677 449 3713 recursu.

171 3756 235 3850 Qui
258 3778 425 3833 transvadari
443 3796 498 3831 non
518 3786 606 3849 potest
637 3779 736 3834 fluvius
756 3782 953 3836 occursantium
972 3800 1095 3837 curarum
1119 3791 1174 3838 tam
1195 3785 1230 3838 ab

172 3901 341 3957 excusatione
353 3899 473 3954 mandati
490 3900 570 3956 vestri
588 3920 631 3955 me
647 3901 757 3968 inhibet,
781 3922 862 3974 quam
881 3906 915 3958 ab
931 3905 1085 3977 impletione
1105 3905 1230 3963 desiderii

173 4023 261 4078 vestri.
298 4022 437 4077 Sermones
449 4023 520 4076 enim
534 4023 567 4077 de
580 4023 697 4078 adventu
708 4025 863 4080 redemtoris
875 4035 906 4080 ut
918 4046 1104 4101 componerem
1115 4031 1190 4084 vobis
1202 4031 1231 4084 in

173 4145 299 4200 mandato
317 4160 480 4215 acceperam,
503 4145 549 4199 sed
566 4146 676 4200 malitiae
692 4147 879 4202 sollicitudinis
893 4149 1027 4204 continue
1045 4152 1125 4205 etiam
1139 4152 1232 4206 rarita-
1254 4151 1256 4156 ’

172 4273 225 4319 tem
242 4265 310 4318 lucis
329 4232 386 4317 dies
402 4280 520 4335 praesens
528 4262 658 4336 adjunxit.
695 4265 794 4320 Breves
809 4269 880 4321 enim
897 4278 959 4323 sunt
967 4271 1011 4323 isti
1023 4272 1057 4324 ad
1069 4272 1224 4337 lucendum,

174 4383 286 4453 grandes
300 4392 325 4436 et
338 4399 431 4452 graves
444 4381 478 4435 ad
492 4382 685 4454 corripendum,
700 4385 737 4438 ita
749 4394 779 4438 ut
792 4405 845 4440 non
859 4388 974 4442 sufficiat
988 4389 1040 4442 diei
1053 4391 1154 4444 malitia
1173 4410 1229 4445 sua.
