3100 5192
544 1052 867 1152 anismam

343 1368 403 1436 AD
427 1367 637 1442 QUASDAM
667 1367 886 1436 PnRsoNAs
908 1365 1082 1434 GALLIAE

724 2145 750 2197 1.

195 2399 205 2441 t
260 2331 377 2387 Douauo
401 2350 452 2388 auo
479 2349 623 2388 canusino
649 2349 683 2386 ar
706 2303 899 2387 inaccensam
924 2332 951 2388 J.
997 2349 1125 2387 arsacoro
1151 2351 1247 2389 assem

196 2451 348 2520 MAGLOVH)
368 2471 434 2508 aunt
453 2471 563 2508 01181Ιῖ1
580 2470 722 2520 MERUM,
742 2471 772 2507 11>
790 2471 864 2510 00οΏ
880 2471 930 2509 ΙΙΤ
948 2471 982 2509 ΕΤ
1000 2473 1110 2510 Polm-

205 2607 340 2706 caussas
356 2636 469 2709 patiens,
489 2636 562 2708 quod
578 2635 676 2690 mirum
693 2635 768 2690 dictu
786 2643 834 2702 eat,
851 2653 921 2708 pena
938 2635 974 2690 ad
990 2635 1185 2708 impatientiam
1201 2655 1246 2692 me

196 2757 321 2830 impellit.
356 2756 422 2811 Vidi
429 2755 562 2812 nuncium
580 2763 697 2810 vestrum
708 2755 793 2810 literis
804 2727 928 2810 vacuum.
957 2733 1036 2817 Quid
1053 2756 1105 2810 hoc
1123 2755 1252 2812 eatlEat·

188 2895 224 2932 ne
241 2885 318 2933 tanta
334 2895 417 2950 penes
434 2895 483 2933 voa
501 2878 654 2932 chartarum
670 2876 785 2931 raritas?
801 2878 846 2931 An
865 2877 903 2932 aie
920 2885 1009 2932 vestra
1026 2878 1180 2932 abbreviata
1202 2887 1243 2932 eat

192 2999 306 3052 caritas?
322 2999 391 3058 Qum
407 3003 463 3052 tam
475 2960 624 3070 importimi
642 2997 741 3051 silentii
760 3015 860 3063 cansa3
880 3015 942 3069 quse
958 2998 1027 3051 ratio
1044 3005 1100 3051 tam
1117 3005 1207 3052 mutae
1219 3008 1248 3053 at

184 3117 294 3172 ‘silentia
311 3111 478 3172 dilectionis?
494 3115 577 3171 Estne
595 3116 668 3188 apud
684 3134 732 3170 vos
749 3076 979 3188 ionaequutisum,
997 3124 1029 3170 nt
1045 3116 1092 3170 ubi
1104 3125 1144 3172 est
1155 3118 1249 3174 sterili-

190 3245 231 3293 tas
248 3239 334 3311 panis,
352 3244 480 3310 sequana
497 3236 578 3292 etiam
596 3236 709 3294 defectio
727 3238 834 3292 cordis?
850 3237 887 3292 Et
902 3237 981 3310 panis
999 3237 1107 3311 quidem
1128 3238 1247 3311 inopiam

192 3359 336 3425 audieram,
355 3359 403 3413 aed
419 3359 518 3412 famem
536 3375 571 3413 ex
587 3358 639 3412 hoc
666 3359 796 3414 virtutum
818 3360 961 3414 succedere
984 3377 1040 3414 non
1070 3359 1243 3415 credideram.

191 3477 268 3534 Certe
285 3479 372 3534 farina
390 3486 417 3535 et
431 3477 554 3552 lechytus
573 3478 625 3534 olei
643 3479 716 3551 apud
742 3479 924 3552 sareptanam,
943 3496 978 3534 ex
995 3497 1049 3552 quo
1065 3479 1160 3534 Helias
1187 3498 1248 3536 noa·

187 3609 228 3656 ter
244 3600 280 3656 N.
299 3599 333 3654 de
343 3600 387 3655 bis
404 3598 561 3672 degustavit,
578 3617 634 3654 non
652 3599 757 3654 defecit.
794 3599 872 3654 Certe
889 3617 944 3654 non
974 3599 1071 3655 defluit
1087 3619 1162 3655 amor
1184 3618 1248 3656 nos·

181 3723 239 3788 vter,
258 3721 306 3776 aed
322 3720 416 3774 influit
430 3727 460 3776 at
477 3719 579 3776 effluit:
599 3727 627 3774 et
645 3719 758 3774 alterum
776 3719 886 3792 quidem
903 3727 1014 3775 excusat
1030 3721 1158 3776 instantia
1173 3721 1249 3776 labo·

190 3857 258 3908 rum,
277 3839 428 3930 ‘sollicitudo
445 3840 625 3908 ecclesianam,
645 3841 793 3913 compassio
810 3840 983 3909 atilictorum,
1001 3843 1184 3898 reconciliatio
1195 3842 1249 3898 dis·

191 3960 351 4030 sirenum
370 3962 483 4018 nomm
502 3961 567 4034 qua
583 3967 657 4016 vetat
673 3961 798 4028 misere,
817 3961 883 4033 qaas
899 3961 1013 4034 aspen
1028 3946 1119 4019 nam
1145 3965 1245 4020 ama-

190 4083 229 4136 lea
248 4083 427 4155 componeret
444 4081 572 4137 Desidia?
598 4081 645 4136 sed
670 4081 741 4135 hanc
766 4080 885 4136 studium
903 4082 1030 4138 excludit
1067 4083 1251 4156 insipientia?

193 4201 239 4257 sed
256 4209 296 4258 eat
313 4203 339 4260 ei
362 4201 448 4259 multa
472 4201 619 4258 literatura.
657 4201 816 4273 Ignorantia
838 4202 932 4258 nrmcii
948 4203 1098 4258 venientiat
1124 4203 1178 4258 Sed
1194 4203 1239 4265 hic
