3100 5192
408 520 457 569 124
882 518 916 569 Γ.
936 519 1056 571 Annsrrs

405 674 455 725 Dei
467 674 577 727 verbum
590 683 617 727 et
629 675 764 745 Spiritum,
778 676 863 729 nubes
877 676 927 728 Dei
943 684 1089 739 coruscant,
1103 676 1221 727 tonitrua
1234 675 1295 727 coeli
1309 675 1452 745 fulgurant,

403 799 497 845 ventus
518 792 661 845 vehemens
684 802 711 846 et
740 794 809 863 ignis
828 794 967 848 involvens
989 794 1146 847 accelerant.
1192 794 1373 858 Oinsensati‚
1398 796 1454 863 quis

402 910 498 981 poterit
509 928 543 963 ex
555 910 631 963 vobis
642 910 762 965 habitam
774 930 834 965 curn
847 914 909 981 igne
922 911 1066 966 devorante
1079 919 1125 964 sut
1138 928 1198 963 cnm
1209 911 1349 964 ardoribus
1361 913 1453 982 sempi-

401 1032 505 1084 ternisl
522 1032 586 1084 Non
598 1032 636 1084 ibi
650 1032 783 1101 recipietis
805 1050 937 1085 venenum
950 1048 998 1102 pro
1019 1032 1088 1093 vino,
1108 1031 1267 1101 supplicium
1290 1050 1341 1100 pro
1361 1033 1452 1101 pretio.
1476 1042 1480 1050 “

401 1153 473 1205 Ser-is
488 1162 515 1205 et
530 1153 651 1206 vectibus
669 1153 761 1205 terreis
781 1162 857 1222 ports
880 1153 977 1205 inferni
998 1162 1149 1206 conseretur
1170 1152 1255 1217 vobis,
1268 1154 1316 1223 qui
1341 1154 1453 1206 claustro

400 1273 519 1326 voluistis
532 1273 647 1326 includi:
667 1273 766 1327 clamor
780 1292 885 1343 quoque
898 1283 924 1327 et
936 1274 1076 1327 continuus
1087 1274 1184 1341 luctus,
1195 1274 1241 1343 qui
1253 1291 1307 1326 non
1320 1273 1454 1326 siluistisa

397 1394 465 1445 facie
478 1394 595 1447 Domini.
631 1394 710 1458 Caro,
730 1410 811 1463 quam
824 1394 924 1447 curiose
936 1395 1065 1459 nutristis,
1079 1394 1190 1449 sollicite
1207 1394 1319 1457 fovistis,
1336 1393 1451 1445 studiose

397 1513 512 1578 luctatis,
526 1532 637 1585 regnum
657 1514 708 1567 Dei
726 1531 780 1566 non
798 1514 953 1585 possidebit.
991 1514 1120 1579 Mundus,
1140 1513 1183 1567 cni
1195 1512 1289 1566 mundi
1306 1520 1450 1565 creatorem

397 1634 589 1705 postposuistis,
611 1633 639 1685 in
659 1650 712 1703 quo
731 1632 868 1685 immunde
883 1631 1028 1696 sorduistis,
1049 1633 1124 1703 cujus
1140 1631 1229 1684 fallaci
1250 1630 1449 1700 pulchritudine

398 1753 531 1816 oblectati,
544 1752 640 1822 patriae
652 1752 768 1805 coelestis
786 1751 861 1805 obliti
881 1751 951 1815 estis,
965 1768 1020 1804 non
1042 1760 1117 1804 eruet
1134 1769 1182 1804 vos
1194 1751 1227 1804 de
1244 1767 1327 1803 manu
1339 1750 1448 1803 inimici.

396 1871 516 1924 Verbum
529 1871 580 1923 Dei
591 1879 654 1921 tunc
667 1887 713 1923 vos
723 1870 879 1933 verberabit,
894 1886 946 1921 non
956 1869 1096 1935 liberabit;
1117 1869 1258 1934 accusabit,
1272 1886 1326 1922 non
1339 1888 1449 1922 excuss-

395 1991 452 2056 bit;
472 1991 617 2053 damnabit,
631 2006 685 2041 non
700 1988 821 2041 salvabit.
857 1989 928 2047 Quid
942 1988 1091 2041 vobiscum
1111 1988 1204 2059 spiritu
1216 1989 1276 2053 Dei,
1290 1990 1367 2059 cujus
1389 2007 1449 2040 con-

396 2111 510 2165 tumeliis
522 2128 576 2162 non
592 2110 708 2179 parcitis,
721 2109 797 2179 cujus
810 2108 937 2178 templum
952 2107 1063 2171 violatis,
1078 2125 1157 2178 quem
1167 2108 1318 2161 contristari
1328 2124 1383 2159 non
1397 2106 1447 2159 for-

395 2229 521 2281 midatis?
534 2229 570 2280 Ni
588 2228 673 2291 fsllor,
684 2228 756 2297 quod
769 2229 797 2279 in
811 2246 872 2279 eum
884 2227 1020 2296 peccastis,
1037 2243 1091 2279 non
1104 2226 1253 2280 remittetur
1265 2226 1347 2290 vobis,
1361 2243 1447 2295 neque

394 2345 422 2396 in
441 2345 492 2398 hoc
512 2344 609 2407 seculo,
622 2361 672 2397 nec
693 2344 721 2397 in
734 2345 832 2397 futuro·
869 2344 921 2396 Sed
934 2344 967 2397 de
986 2344 1175 2398 hisbactenus.
1211 2344 1268 2396 Vos
1289 2353 1387 2407 autem,
1402 2346 1446 2413 qui
1542 2366 1543 2431 p

393 2471 497 2533 apertos
513 2463 617 2516 habetis
631 2463 729 2528 oculos,
744 2463 771 2515 in
791 2464 862 2515 viam
875 2464 984 2517 istorum
1003 2482 1036 2516 ne
1050 2463 1175 2527 abieritis,
1190 2463 1292 2515 actibus
1308 2480 1399 2515 eorum
1412 2480 1445 2515 ne

394 2583 552 2649 assentiatis,
565 2602 652 2655 neque
670 2584 788 2637 consiliis
808 2584 989 2653 acquiescetis.
1038 2585 1075 2638 Ut
1096 2578 1214 2654 prolixus
1227 2583 1340 2635 nimium
1352 2602 1445 2646 essem,

394 2720 477 2773 nepos
494 2710 579 2755 vester
598 2704 693 2773 coegit,
707 2703 752 2772 qui
768 2703 865 2755 iterum
883 2710 962 2774 atque
977 2703 1074 2756 iterum
1092 2704 1211 2772 rogando
1224 2703 1322 2773 stylum
1343 2721 1444 2755 sumere

394 2818 506 2870 monuit
545 2817 654 2869 Utinam
667 2818 852 2870 virtusvestrs
870 2818 982 2888 amplior
1003 2819 1037 2871 sit
1051 2836 1130 2887 quam
1150 2819 1230 2871 fama.
1262 2818 1374 2871 Utinam
1396 2836 1445 2870 vos

392 2936 490 3001 videre,
504 2942 698 3005 cognoscereet
712 2936 819 2989 dextros
829 2936 961 2989 societatis
974 2938 1110 2989 vobiscum
1121 2938 1219 2990 habere
1234 2955 1346 2998 merear.
1384 2937 1444 2992 Uti·

392 3075 456 3109 nam
469 3056 571 3120 saltem,
587 3061 603 3086 ‘⁶
614 3056 635 3108 si
647 3072 702 3108 non
715 3056 793 3107 datrrr
805 3056 902 3120 ultra,’'
915 3056 958 3109 vel
973 3074 1054 3107 unam
1071 3073 1178 3126 precem
1191 3074 1238 3125 pro
1251 3056 1369 3127 peccatis
1381 3056 1444 3108 meis

390 3178 435 3247 pio
443 3176 527 3248 judici
541 3194 588 3246 per
602 3194 711 3228 manum
726 3176 811 3228 sancti
824 3176 911 3245 angeli
925 3175 1051 3228 olferutis.
1084 3175 1197 3227 Valete!

498 3656 687 3709 53ABBAT1
708 3657 757 3707 DE
776 3656 1029 3722 BULENCURTE,
1050 3656 1343 3711 CONSOLATORIA.

423 3777 552 3827 Rnnunro
575 3793 672 3827 ansnrr
692 3793 726 3827 nn
745 3776 954 3827 Bunnsucuars.
975 3773 1017 3829 ria.
1037 3776 1071 3827 G.
1091 3794 1197 3829 scursa
1216 3794 1279 3829 suus
1298 3795 1433 3830 saturnu.

428 3894 503 3946 Infra
509 3895 590 3947 robur
597 3895 679 3947 animi
688 3894 726 3947 tui
735 3911 795 3963 quae
810 3912 826 3946 a
838 3912 880 3947 me
891 3894 998 3963 prodire
1010 3894 1112 3964 possint
1124 3896 1318 3949 consolationes
1326 3896 1443 3949 residere

390 4032 444 4068 non
469 4013 569 4083 ignoro.
607 4014 830 4067 commendabilis
855 4014 903 4097 illu¹
923 4014 1009 4068 solum
1027 4014 1162 4083 {fortitudo
1175 4022 1214 4067 est
1242 4032 1303 4083 quse
1330 4014 1444 4085 fatigata

390 4133 529 4196 robustior,
544 4151 669 4203 oppressa
680 4133 787 4186 liberior
800 4133 943 4203 consurgit.
965 4134 1047 4187 Levat
1060 4150 1176 4203 namque
1186 4133 1301 4187 sortunae
1314 4133 1443 4204 importu-
