3100 5192
519 493 677 555 Dratausis
695 515 841 555 arisroiiii.

661 752 714 806 47.

191 852 358 924 Canusinis
377 888 460 924 rrius
477 888 511 923 ai·
530 888 682 923 saaraiaiis
699 887 758 923 suis
775 884 867 923 raioai
881 887 914 923 ar
927 887 1048 924 cisraius
1060 870 1214 924 Gracurris

163 1006 331 1043 uouisraaii
342 1007 484 1043 soricius
495 1007 602 1043 rsaraa
613 990 644 1043 P.
659 1008 743 1043 auam
761 1007 827 1042 suus
846 1007 970 1043 saturini
990 1007 1023 1043 ri·
1043 1008 1072 1043 iri
1091 991 1213 1043 Ciiaisrc

159 1126 253 1161 vassis
271 1125 467 1162 oiiacrioaiais.

194 1225 298 1284 Quibus
309 1226 402 1295 lingua
414 1236 441 1279 et
452 1244 518 1279 voce
534 1244 654 1297 praesens
666 1228 826 1298 persuadere
838 1228 910 1281 soleo
922 1240 1025 1281 morum
1037 1228 1212 1294 honestatem,

166 1344 269 1397 ordinis
288 1345 507 1410 observationem,
525 1343 660 1417 hospitum
683 1348 887 1431 preceptionem,
909 1347 1059 1402 dilectionis
1076 1349 1212 1419 integrita-

155 1470 221 1528 tem,
245 1463 273 1516 in
292 1464 397 1517 Divinis
419 1464 544 1519 laudibus
561 1465 757 1536 jubilationem,
779 1466 956 1520 obedientiam
979 1466 1008 1519 iii
1028 1467 1144 1521 invicem
1164 1469 1214 1521 dic.

154 1581 287 1651 evangelii
295 1588 322 1634 et
329 1582 430 1651 regulae
437 1582 508 1636 beati
524 1582 663 1637 Benedicti
671 1592 868 1655 praeceptorum
876 1584 1102 1655 adimpletionem,
1114 1585 1211 1639 absens

158 1726 232 1761 nunc
241 1725 358 1779 corpore,
371 1727 427 1763 non
442 1709 545 1781 spiritu,
565 1711 663 1782 scripto
675 1719 769 1764 vestrae
780 1710 940 1765 fraternitati
952 1713 1046 1766 cadem
1061 1713 1170 1784 replico,
1183 1721 1210 1767 et

158 1826 305 1905 visceribus
325 1828 418 1881 vestris
429 1829 558 1883 mandare
569 1837 645 1883 tanto
664 1829 807 1883 studiosius
828 1838 933 1902 exopto,
952 1838 1053 1901 quanto
1064 1840 1181 1885 remotus
1198 1850 1215 1885 a

158 1944 379 1999 vobisintroitiim
396 1953 423 1999 et
434 1947 537 2000 exitum
548 1955 665 2002 vestrum
683 1948 774 2001 videre
792 1966 848 2002 non
859 1948 946 2002 valeo.
982 1948 1102 2015 Prorsus,
1120 1950 1216 2005 fratres

156 2064 211 2119 mei
219 2063 347 2117 canmimi
359 2073 387 2117 et
397 2065 581 2131 amantissimi,
590 2083 645 2118 non
654 2072 695 2118 est
706 2064 831 2135 elongata
841 2082 857 2117 a
867 2064 942 2119 vobis
953 2066 1043 2119 anima
1053 2084 1122 2121 rnea.
1142 2066 1216 2122 Inter

158 2198 214 2247 vos,
224 2180 296 2234 intra
306 2199 362 2247 vos,
372 2198 489 2253 vespere,
503 2199 591 2248 mane,
605 2189 632 2235 et
643 2182 753 2236 meridie
763 2181 912 2253 ingreditur
921 2183 1013 2238 oculus
1025 2184 1122 2239 animae
1136 2205 1214 2254 meae,

158 2306 190 2353 ut
199 2299 290 2354 videat
300 2318 368 2371 quos
379 2310 507 2372 tanquam
516 2302 631 2374 seipsum
643 2302 738 2375 diligit,
748 2310 854 2360 sanctas
866 2303 976 2371 animas,
989 2323 1069 2377 puras
1081 2307 1216 2363 couscien-

157 2418 218 2485 tias,
231 2420 362 2474 crationes
371 2420 491 2487 devotas,
510 2420 624 2493 suspiria
642 2422 742 2476 coelum
759 2424 934 2494 penetrantia,
947 2424 1071 2478 lacrimas
1088 2426 1214 2493 thronum

161 2540 365 2611 aguipetentes.
402 2544 493 2602 Quare
504 2560 567 2613 ergo
578 2559 700 2613 egressus
709 2543 789 2596 sunit
806 2544 902 2597 Coram
921 2542 982 2598 Deo
993 2544 1022 2599 iii
1033 2544 1137 2599 Christo
1148 2542 1216 2601 Jesu

159 2659 342 2715 testimonium
358 2662 424 2715 mihi
443 2662 599 2734 perhibente
621 2661 780 2715 couscientia
794 2680 862 2729 mea,
882 2662 973 2729 fateor,
996 2681 1051 2718 non
1072 2683 1216 2721 memores

164 2780 254 2845 vestri,
267 2780 315 2833 sed
333 2781 418 2836 moles
430 2782 512 2836 seoiili
531 2781 698 2853 expiderunt,
714 2799 781 2852 quas
800 2782 898 2837 misera
918 2782 966 2836 illa
978 2785 1068 2839 anima
1086 2804 1215 2859 mespres

161 2897 243 2953 tedio
259 2897 317 2970 jam
328 2898 397 2954 ferre
417 2917 472 2955 non
492 2898 584 2953 valeas
596 2900 730 2967 dormitat,
740 2909 768 2953 et
779 2918 891 2971 gemens
910 2901 1056 2957 incolatum
1068 2921 1145 2958 suum
1157 2924 1217 2977 pro-

160 3016 264 3085 longari
277 3015 463 3071 miserabiliter
473 3018 629 3089 proclamat.
665 3018 733 3078 Quis
756 3036 799 3073 me
811 3010 935 3074 liberabit
952 3021 985 3075 de
1004 3038 1112 3093 corpore
1122 3025 1217 3079 mortis

163 3134 255 3207 hujus,
267 3134 350 3189 immo
361 3135 396 3189 de
416 3154 496 3189 onere
514 3137 692 3208 oppressionis
715 3136 813 3211 hujusl
831 3138 909 3205 Ecce,
931 3139 995 3193 boni
1016 3140 1066 3193 lilii
1083 3150 1110 3195 et
1126 3145 1216 3210 amici,

160 3256 297 3327 ingredior
307 3276 357 3329 pro
369 3258 445 3312 vobis
454 3258 490 3312 ad
499 3259 677 3326 solitudinem,
690 3278 743 3314 nou
757 3260 838 3325 Sinai,
852 3260 898 3313 sed
910 3262 1007 3316 montis
1028 3264 1088 3330 Dei,
1106 3264 1129 3319 si
1140 3267 1208 3321 forte

163 3394 259 3431 manus
275 3394 370 3447 graves
396 3376 433 3430 ad
452 3377 663 3449 propitiatorium
689 3379 817 3433 extollere
843 3382 951 3451 possim,
974 3384 1073 3438 siforte
1085 3386 1216 3441 Amalech

161 3496 310 3561 devincere,
324 3496 346 3550 si
358 3498 425 3551 forte
438 3498 571 3551 fimbriam
582 3498 783 3552 miserationum
795 3500 847 3552 Dei
858 3501 1068 3570 apprehendere,
1083 3507 1148 3558 etin
1160 3507 1216 3560 ictu

162 3614 241 3680 oculi,
254 3614 283 3667 in
295 3622 351 3667 toto
363 3621 481 3686 tempore
492 3614 545 3668 isto
558 3615 698 3685 contingat
709 3614 784 3667 mihi.
830 3616 928 3670 Juvate
941 3636 991 3684 me,
1006 3620 1136 3690 quianon
1149 3624 1215 3677 mihi

161 3734 210 3788 soli
220 3733 320 3800 laboro,
344 3732 391 3787 sed
407 3735 484 3788 vobis
504 3734 641 3800 omnibus;
662 3742 688 3787 et
708 3733 814 3787 utinam
833 3734 900 3789 sicut
921 3737 1029 3803 aflectu,
1053 3740 1091 3793 sie
1104 3740 1212 3807 effectu,

163 3868 255 3904 omnes
271 3869 319 3904 vos
329 3851 465 3904 inveniam
476 3868 582 3905 mecum
593 3851 621 3903 ia
642 3850 788 3905 visceribus
806 3852 824 3905 J
826 3870 872 3905 esu
881 3852 986 3908 Christi.
1023 3856 1154 3911 Laborate
1174 3860 1217 3913 in·

162 3974 275 4027 stantius
286 3973 315 4025 in
324 3973 428 4046 jejunio
437 3982 464 4027 et
475 3973 541 4027 fletu
553 3980 581 4027 et
588 3972 705 4043 planctu,
714 3982 751 4040 ut,
763 3991 846 4043 quum
859 3975 968 4042 rediero,
981 3978 1084 4049 palmas
1094 3980 1121 4032 iu
1131 3982 1217 4035 mani·

162 4094 214 4147 bus
222 4093 316 4148 vestris
326 4101 381 4147 tam
389 4092 468 4147 laetus
479 4092 603 4163 aspiciam
617 4110 698 4162 quain
711 4092 875 4147 desideratus
889 4114 996 4151 venero.
1015 4098 1084 4152 Vere
1092 4098 1163 4153 enini
1173 4117 1217 4152 me
