3100 5192
530 523 686 575 Damnare
712 512 864 576 Errsrosns,

243 800 286 850 58.
307 797 458 851 DOMINO
477 800 740 854 cnucELLnulo
760 802 930 855 ROMANAE
949 802 1142 856 ECCLESIAE.

170 916 287 970 Doumo
318 936 351 971 ar
382 937 463 972 aaran
495 938 636 973 canrssnso
664 920 696 974 li.
728 940 915 975 csucaaaamo
955 940 1062 975 sanasse
1095 925 1223 977 Ronsuas

168 1053 302 1091 merassas
322 1055 362 1090 ra.
384 1038 418 1091 G.
438 1056 503 1091 auus
521 1057 626 1092 saunas
644 1059 677 1093 aa
698 1058 801 1096 vascua
829 1058 922 1093 soson
943 1060 970 1094 ro
998 1060 1121 1095 noorcou
1151 1062 1223 1098 ouon

540 1178 587 1213 aas
607 1178 640 1213 aa
659 1180 730 1216 ouon
749 1180 854 1215 ecrasr.

204 1275 293 1329 Nullis
300 1278 458 1355 ⁵meritorum
471 1277 604 1348 suffragiis
612 1279 795 1333 subnixussed
807 1280 864 1335 sola
872 1281 991 1335 bonitate
1001 1282 1223 1347 vestraconfisus,

169 1396 266 1449 nostris
291 1404 405 1450 vestram
429 1397 520 1450 adesse
543 1398 747 1468 dignitationem
765 1400 939 1469 petitionibus
954 1401 1078 1470 deposco.
1115 1402 1224 1455 Aretias

168 1516 299 1587 siquidem
311 1518 420 1570 verbum
433 1519 613 1587 promissionis
626 1528 721 1574 vestrae
733 1538 782 1590 per
795 1520 905 1573 nuncios
917 1529 1020 1573 nostros
1033 1531 1170 1591 acceptum
1193 1522 1220 1574 in

168 1628 248 1681 corde
259 1646 399 1700 reponens,
412 1639 541 1701 tanquam
553 1633 618 1685 mihi
631 1632 775 1701 obligatum
789 1633 845 1703 ipso
854 1632 913 1703 jure
933 1650 1075 1703 personam
1101 1641 1217 1686 vestram

166 1757 253 1803 teneo.
291 1749 330 1801 Ut
341 1750 430 1819 itaque
442 1752 470 1804 in
485 1768 565 1805 causa
576 1751 610 1805 de
621 1752 732 1807 ecclesia
753 1753 825 1805 villae
839 1752 926 1805 Mauri
946 1759 1038 1806 contra
1057 1751 1212 1823 injustitiam

167 1870 362 1936 canonicorum,
380 1890 429 1943 pro
449 1873 524 1927 vobis
546 1874 665 1927 valenter
677 1874 814 1939 assistatis,
828 1890 881 1927 non
895 1873 1044 1928 remordeat
1061 1890 1105 1928 vos
1120 1874 1220 1926 consci-

168 1990 344 2056 entiavestra,
358 1993 421 2061 quis
429 1990 503 2064 justa
513 2001 553 2047 est
565 2010 646 2047 causa
661 2001 759 2046 nostra.
796 1994 900 2047 Valete.

201 2098 357 2165 Parisiensis
372 2111 510 2188 episeopus
522 2119 637 2183 exponet
649 2113 721 2165 vobis
733 2119 851 2165 tenorem
864 2111 936 2164 lacti.

511 2562 554 2612 59.
574 2558 727 2611 DOMlNO
747 2556 861 2610 PAPAE.

164 2676 278 2732 Douruo
291 2695 325 2731 aa
338 2694 419 2731 aaran
438 2696 580 2730 caarssruo
600 2679 635 2730 Α.
655 2694 748 2731 suuuo
766 2692 903 2729 rcunncr
922 2691 1027 2728 nassau
1047 2674 1080 2725 G.
1101 2690 1217 2726 nonime

373 2800 486 2853 canen
505 2815 637 2851 sscanoos
653 2815 765 2850 sarasan
780 2815 835 2850 cuu
855 2813 1015 2852 navormua.

196 2920 250 2973 Ubi
268 2937 357 2973 causae
379 2919 547 2990 postulanda
571 2937 619 2989 per
638 2936 666 2970 se
685 2917 784 2970 sufficit
804 2934 929 2987 perorare
941 2916 1125 2987 praerogativa,
1151 2914 1218 2966 solet

161 3039 278 3110 rogantis
291 3038 371 3091 etiam
385 3038 473 3091 minus
484 3037 581 3090 idonea
592 3036 676 3107 recipi
690 3052 810 3107 persona,
848 3033 961 3105 Supplet
972 3051 1087 3103 namque
1101 3032 1219 3101 dignitas

160 3159 295 3227 petitionis
308 3156 523 3210 insufficientiam
535 3156 702 3227 postulantis.
738 3154 967 3211 Praedecesscrum
980 3162 1127 3205 vestrorum
1138 3151 1218 3221 privi-

158 3276 235 3347 legiis
247 3285 273 3329 et
285 3276 421 3329 beneficiis
433 3275 569 3330 abbatiam
580 3275 660 3328 fontis
673 3274 784 3327 Ebraldi
798 3274 976 3339 sublimatam,
992 3280 1018 3325 et
1032 3272 1207 3326 communiter

157 3405 257 3474 ubique
269 3405 435 3474 divulgatum
447 3412 473 3457 et
487 3412 580 3457 notum
593 3404 671 3457 estin
683 3404 803 3475 partibus
815 3402 923 3455 nostris.
961 3400 1108 3471 Episcopus
1120 3408 1209 3452 autern

158 3522 334 3575 Pictaviensis
346 3538 429 3590 quum
439 3522 526 3589 rigare
538 3521 671 3577 debuisset
684 3529 711 3573 et
722 3521 811 3572 favere
823 3518 980 3589 plantationi
994 3518 1096 3583 dextrae
1114 3515 1166 3569 Dei
1191 3523 1218 3569 et

158 3646 263 3703 vestrm
275 3638 369 3690 nititur
380 3637 530 3691 libertatem
544 3638 624 3709 hujus
647 3638 766 3691 ecclesiae
785 3636 940 3700 diminuere,
955 3643 981 3688 et
1000 3642 1092 3687 contra
1110 3633 1217 3705 privile-

154 3754 230 3824 gium
254 3760 410 3806 consuetum
429 3753 591 3807 abbatissam
614 3754 684 3823 cogit
697 3752 894 3831 professionem·
909 3752 960 3805 sibi
980 3758 1007 3804 et
1030 3749 1209 3803 obedientiam

153 3873 307 3945 promittere
330 3889 411 3942 quam
433 3873 483 3926 sibi
503 3873 580 3927 sedes
601 3873 671 3926 Petri
691 3872 809 3925 retinuit.
841 3848 960 3925 Gloriam
979 3872 1068 3940 itaque
1094 3876 1208 3923 vestram

156 3991 233 4055 alteri
245 4008 299 4044 non
314 3991 390 4055 detis,
404 3992 450 4045 sed
464 3993 537 4046 omni
558 4000 659 4046 remoto
679 3991 824 4045 mediatore
846 3992 953 4061 propria
975 3990 1164 4043 benedictione
1189 3996 1215 4041 et

156 4110 320 4184 protectione
333 4120 359 4163 et
370 4112 531 4167 abbatissam
545 4121 570 4165 et
583 4113 724 4176 abbatiam,
739 4119 769 4164 ut
782 4112 892 4181 dignum
905 4118 962 4176 est,
972 4110 1091 4165 foveatis.
