3100 5192
526 506 683 560 Danvsusrs
702 524 846 561 errsroaa.
1174 515 1224 563 105
1319 526 1321 534 ⁴

172 658 320 713 manmilbe
344 668 496 731 properant.
539 660 578 713 lli
598 670 661 715 sunt
681 662 754 716 cervi
771 662 912 727 montium,
939 680 1042 733 capreae
1062 681 1224 735 camporum,

171 778 278 832 hinnuli
297 779 434 833 silvarum.
470 779 595 852 Denique
608 781 659 851 ipsi
670 789 733 834 sunt
751 781 838 834 lilium
850 782 1020 848 convallium,
1035 783 1107 839 cedri
1120 784 1225 850 Libani,

172 898 251 952 olivae
262 900 359 954 uberes
370 900 398 953 in
410 900 489 954 domo
506 900 567 954 Dei.
611 901 716 955 Pulcrae
728 908 791 955 aunt
802 920 880 972 genae
893 921 986 955 eorum
998 888 1098 974 absque
1111 922 1142 957 eo
1155 904 1226 973 quod

170 1018 329 1073 intrinsecus
339 1019 413 1073 latet.
449 1019 573 1091 Amplior
584 1019 668 1073 virtus
681 1038 761 1090 quam
772 1020 860 1087 sama;
878 1020 987 1075 flamma
997 1039 1051 1076 non
1061 1029 1227 1092 tantaquan·

173 1146 217 1193 tua
229 1138 315 1193 ardor.
361 1139 433 1194 Laus
444 1157 536 1195 eorum
549 1141 697 1195 confortata
709 1148 757 1207 est,
770 1158 821 1194 nec
833 1158 941 1212 possum
953 1139 988 1194 ad
1000 1158 1067 1195 eam.
1113 1140 1183 1194 Vere
1201 1148 1229 1195 et

173 1267 204 1312 tu
221 1276 255 1312 ex
267 1259 321 1313 illis
332 1278 378 1313 es:
398 1277 461 1313 nam
474 1268 501 1314 et
510 1260 618 1332 loquela
629 1267 713 1314 tuaet
723 1278 804 1332 opera
816 1260 985 1313 manifestum
998 1269 1024 1314 te
1036 1260 1146 1314 iaciunt.
1186 1260 1228 1314 Sic

175 1394 248 1447 ergo,
260 1383 291 1430 ut
301 1377 424 1448 praedixi,
440 1386 535 1432 mutua
552 1378 693 1432 dilectione
711 1377 861 1431 adinvicem
884 1378 1032 1449 specialiter
1048 1377 1188 1443 afficimur,
1202 1386 1229 1431 et

173 1496 234 1569 quis
246 1503 273 1551 et
285 1514 366 1567 quare
378 1504 405 1551 et
422 1504 552 1567 quantum
572 1504 600 1551 et
618 1496 746 1567 quamdiu
764 1496 875 1551 firmiter
897 1496 1116 1551 conservabimus
1154 1496 1228 1551 Pena

173 1625 303 1689 tanquam
314 1617 399 1671 oculis
411 1626 512 1690 captus,
525 1635 579 1671 non
592 1617 732 1671 attendens
748 1618 808 1688 quis
820 1624 846 1671 et
862 1616 906 1670 cni
926 1616 1047 1669 scribam.
1084 1616 1145 1676 Qua
1157 1616 1229 1669 enim

174 1738 263 1791 fronte
274 1737 454 1809 insipientiam
466 1755 562 1801 meam,
575 1736 767 1808 turpitudinem
785 1754 881 1803 meam,
895 1736 1048 1791 tarditatem
1059 1754 1155 1803 meam,
1174 1754 1229 1791 non

173 1855 317 1921 abscondo,
331 1874 385 1909 non
397 1857 495 1927 operio,
504 1874 559 1911 non
572 1856 647 1911 celoi
665 1856 700 1910 Et
712 1856 735 1909 si
746 1855 829 1910 cerdis
837 1856 1018 1927 insipientium
1026 1856 1118 1923 illudo,
1133 1873 1228 1927 capere

175 1982 202 2028 et
208 1974 304 2028 linceis
317 1975 416 2040 oculos,
430 1976 467 2029 sic
480 1993 586 2046 quoque
598 1976 720 2046 decipere
732 1994 809 2045 posse
822 1993 962 2045 praesumo.
999 1974 1052 2027 Sed
1066 1992 1100 2028 ne
1112 1974 1228 2046 decipia-

175 2094 212 2147 ris
223 2093 284 2166 plus
298 2095 327 2148 in
339 2111 384 2147 me
404 2093 506 2163 aliquid
519 2110 600 2164 qnam
613 2094 793 2147 audissemus
806 2100 832 2146 et
851 2092 953 2163 ingenii
966 2094 1104 2163 suspicans
1122 2110 1229 2164 prorsus

174 2214 338 2285 paupertatis
349 2232 418 2268 meae
430 2214 548 2285 inopiam
560 2214 657 2285 aperio.
693 2214 798 2284 Nempe
815 2214 878 2285 quia
889 2213 979 2267 fodere
992 2231 1046 2267 non
1058 2214 1143 2279 valeo,
1157 2232 1230 2267 merr-

176 2333 265 2387 dicare
275 2352 330 2387 non
352 2296 488 2388 erubesco.
524 2335 609 2406 Aperi
621 2334 701 2404 igitur
712 2352 830 2399 manum,
845 2352 933 2387 resera
954 2352 991 2399 os,
1004 2342 1035 2387 ut
1050 2335 1180 2406 parturiat
1191 2352 1232 2389 aar

177 2453 314 2524 pientiam.
358 2456 459 2513 Quaero
475 2461 564 2507 autem
577 2453 641 2523 quid
654 2454 687 2506 sit
700 2454 772 2523 quod
786 2454 823 2507 ait
834 2454 1016 2523 Hieronymus
1030 2455 1057 2505 in
1076 2453 1186 2524 epistola
1199 2454 1234 2505 ad

175 2571 304 2639 Rufinum
316 2590 452 2643 exponens
461 2572 596 2645 judicium
609 2572 756 2625 Salomonis
768 2589 848 2643 super
860 2572 1008 2642 quaestione
1020 2572 1134 2624 duarum
1146 2590 1230 2624 mere-

174 2692 279 2746 tricum.
316 2692 406 2745 Tertia
413 2692 457 2746 die
464 2700 606 2763 postquam
617 2710 666 2762 ego
678 2690 769 2763 peperi
776 2692 882 2763 peperit
894 2689 994 2745 ethaec.
1032 2691 1060 2743 Si
1071 2690 1229 2757 consideres,

176 2811 271 2882 inquit,
286 2812 400 2866 Pilatum
419 2813 553 2866 lavantem
566 2830 661 2880 manus
681 2819 762 2881 atque
785 2811 918 2864 dicentem
939 2810 1059 2864 Mundus
1079 2829 1130 2883 ego
1143 2829 1231 2865 suma

177 2932 307 3003 sangiune
315 2932 382 3004 justi
392 2932 479 3005 hujus,
492 2932 515 2985 si
532 2932 714 2985 centurionem
732 2940 794 2985 ante
810 2930 959 3002 patibulum
978 2931 1149 2985 confitentem
1161 2933 1232 2986 Vere

175 3052 221 3105 hic
233 3050 372 3105 eratfilius
384 3051 451 3105 Dei!
471 3052 494 3104 si
505 3052 607 3123 eosqui
619 3059 680 3106 ante
689 3051 841 3123 passionem
852 3067 900 3121 per
913 3046 1066 3121 Philippum
1085 3049 1232 3103 Dominum

176 3168 268 3222 videre
298 3168 459 3235 desiderant,
491 3168 564 3222 haud
598 3170 707 3239 ambige
737 3168 851 3239 primam
873 3167 1009 3238 pepulisse
1038 3167 1177 3221 ecclesiam
1206 3174 1233 3221 et

176 3296 268 3361 postea
294 3296 389 3343 natum
420 3256 549 3361 populum
571 3289 728 3342 Judaeonrm
752 3306 801 3360 pro
832 3306 885 3359 quo
914 3287 1045 3341 Dominus
1073 3288 1233 3358 precabatur

178 3408 251 3463 Patri
274 3410 387 3481 Ignosce
409 3408 462 3463 illis
494 3410 543 3464 &c
592 3409 634 3464 De
666 3408 823 3463 centurione
848 3416 875 3462 et
898 3409 932 3461 de
955 3409 998 3461 his
1019 3408 1066 3479 qui
1086 3409 1233 3463 Dominum

178 3530 270 3584 videre
290 3539 414 3600 quaerunt
438 3530 510 3601 quod
529 3530 650 3584 ecclesiae
671 3531 720 3583 filii
741 3531 802 3595 sint,
826 3548 881 3582 non
905 3536 960 3580 tam
985 3528 1081 3581 durum
1104 3530 1171 3582 mihi
1195 3528 1234 3581 vi-

178 3648 264 3717 detrrr,
290 3650 338 3703 sed
362 3650 396 3704 de
419 3650 507 3703 Pilato
532 3666 640 3720 prorsus
660 3647 816 3702 incredibile
841 3647 942 3701 estimo.
992 3645 1116 3715 Sequitur
1139 3646 1168 3698 in
1190 3664 1234 3699 ea-

178 3769 241 3823 dem
260 3770 379 3841 epistola,
400 3770 492 3835 Nulla,
515 3770 611 3839 inquit,
625 3768 758 3822 dubitatio
785 3775 824 3822 est
848 3767 913 3839 quin
939 3774 1036 3821 cuncta
1059 3784 1120 3836 quae
1140 3766 1234 3821 dicun-

177 3898 221 3943 tur
240 3907 295 3943 non
313 3890 449 3944 Salomoni
468 3897 573 3943 mortuo
594 3890 641 3943 sed
661 3889 759 3943 Christi
778 3888 939 3943 conveniant
959 3889 1099 3961 majestati.
1147 3888 1233 3941 Simu-

178 4009 218 4064 lat
234 4010 414 4082 ignorantiam
433 4017 461 4064 et
479 4010 610 4063 humanos
629 4025 678 4079 pro
699 4006 897 4077 dispensatione
915 4006 1000 4059 caruis
1013 4007 1140 4059 mentitur
1152 4006 1233 4058 affec-

176 4138 220 4185 tus
244 4132 293 4185 &a
330 4130 358 4185 Si
382 4130 514 4184 Dominus
536 4136 625 4183 noster
644 4129 724 4182 Jesus
747 4126 868 4180 Christus
888 4124 1018 4196 quicquid
1038 4125 1163 4179 humanae
1185 4140 1232 4177 ua-
