3100 5192
332 670 366 719 50
805 685 830 718 o.
852 684 963 718 sanaris

326 807 407 860 simis.
457 808 534 859 Certe
560 807 662 859 fmctus
682 807 778 860 exinde
796 809 939 873 uberiores,
960 813 1030 859 certe
1042 805 1147 858 favores
1169 803 1379 866 excellentiores,

332 937 403 982 certe
413 927 527 981 honores
536 930 650 999 majores
661 936 800 994 meterent,
815 937 841 981 et
852 928 934 981 finem
948 925 1192 990 consummationis,
1207 923 1224 976 i.
1236 942 1259 976 e.
1279 923 1381 976 Christ·

331 1066 387 1112 run,
404 1066 473 1118 quae
486 1049 512 1101 in
523 1048 565 1102 his
573 1050 708 1102 inventuri
719 1067 773 1102 non
784 1058 853 1116 sunt,
862 1050 918 1102 sine
931 1048 1012 1101 dubio
1021 1047 1196 1118 perciperent.

722 1658 757 1707 20
769 1652 945 1707 NICOLAO.

478 1794 528 1829 suo
541 1795 615 1841 suus,
631 1793 818 1828 saneansuus.

406 1897 492 1951 Stella
505 1896 667 1969 quandoque
679 1896 713 1948 de
726 1895 800 1948 coelo
809 1895 914 1947 videtur
927 1894 960 1946 ad
969 1893 1031 1958 ima,
1045 1893 1092 1946 sed
1106 1892 1187 1946 oculis
1200 1873 1392 1963 insipientium,

342 2017 471 2085 delluere;
483 2018 599 2089 coagulis
612 2025 700 2070 tamen
712 2034 743 2070 ea
756 2023 783 2068 et
792 2016 875 2068 divini
888 2013 1097 2068 clavismandati
1110 2014 1147 2066 sic
1160 2013 1251 2066 defixa
1262 2014 1290 2065 in
1304 2022 1390 2066 etern-

338 2158 383 2193 um
397 2139 471 2192 coelo
484 2138 618 2202 adhaeret,
631 2145 662 2189 ut
673 2136 746 2207 prius
759 2135 827 2188 sicut
838 2135 906 2188 liber
918 2135 988 2189 idem
1002 2135 1105 2188 coelum
1124 2134 1297 2186 convolvatur
1310 2153 1390 2204 quarn

336 2257 413 2311 stella
425 2258 457 2310 ab
467 2257 525 2328 ipso
535 2256 684 2309 divellatur·
698 2256 740 2308 Sic
750 2257 795 2320 sic,
805 2255 992 2321 micarissime,
1007 2274 1040 2309 ex
1053 2273 1106 2326 quo
1114 2255 1187 2308 Deus
1199 2256 1227 2308 in
1235 2255 1389 2308 firmamen-

345 2384 374 2430 to
389 2375 475 2429 cordis
487 2375 570 2428 nostri
583 2375 686 2428 stellam
700 2375 796 2428 amoris
808 2375 894 2427 mutui
904 2375 1043 2445 impressit,
1058 2375 1108 2428 etsi
1120 2373 1215 2427 fefellit
1235 2375 1341 2426 oculum
1353 2374 1392 2444 ig-

344 2499 465 2551 norantis
482 2497 555 2568 leges
574 2496 699 2550 amicitiae
717 2496 858 2567 repentina
877 2495 1029 2548 scintillatio
1048 2495 1178 2547 instabilis
1199 2495 1321 2560 fortunae,
1342 2513 1395 2547 non

338 2631 428 2676 tamen
442 2621 520 2676 cessit
531 2629 578 2674 aut
594 2622 707 2674 decessit
718 2593 851 2691 igniculus
867 2621 959 2674 stellae.
996 2619 1077 2672 Unde
1090 2627 1116 2672 et
1134 2627 1197 2672 tunc
1217 2637 1299 2689 quum
1319 2620 1394 2690 quasi

336 2741 478 2808 laedebam,
491 2760 546 2796 non
563 2743 639 2813 quasi
652 2741 698 2795 sed
714 2760 807 2794 revera
819 2742 971 2812 diligebam,
986 2749 1012 2794 et
1025 2758 1107 2810 quum
1120 2739 1271 2792 avertebam
1286 2740 1392 2792 oculum

338 2879 393 2915 non
403 2862 555 2914 evertebam
567 2861 694 2914 animum.
732 2861 792 2914 Deo
805 2870 893 2914 autem
907 2862 1013 2932 gratias,
1026 2861 1087 2931 quia
1099 2861 1127 2912 in
1139 2860 1285 2930 plenilunio
1293 2878 1339 2912 suo
1352 2879 1393 2912 re-

340 2981 454 3035 formata
467 2981 555 3036 denuo
568 2982 645 3052 quasi
657 2982 758 3035 viribus
774 2982 919 3053 resumptis
931 2981 1020 3034 radios
1031 2981 1131 3052 priores
1144 2981 1221 3033 solito
1234 2979 1392 3051 splendidio-

339 3123 381 3158 res
404 3114 533 3176 tanquam
557 3105 585 3158 in
605 3104 707 3157 invidia
725 3104 820 3175 prioris
839 3104 965 3168 defectus,
987 3103 1148 3174 amplificato
1167 3101 1266 3154 affectu
1284 3103 1390 3154 remisit.

340 3225 435 3278 Procul
444 3227 502 3296 jam
512 3225 637 3294 deinceps
656 3225 689 3275 sit
706 3231 762 3275 tarn
781 3223 867 3276 noctis
886 3223 1025 3276 tenebrosa
1043 3223 1222 3294 interpolatio,
1242 3240 1322 3293 quam
1341 3223 1392 3275 diei

336 3344 460 3396 nubilosa
469 3343 562 3414 caligo.
600 3342 652 3395 Sed
665 3342 698 3395 de
710 3343 751 3395 his
763 3342 902 3395 hactenus.
939 3343 1008 3402 Quia
1020 3362 1081 3396 vero
1093 3343 1180 3396 minus
1189 3345 1280 3415 jacula
1296 3344 1393 3396 feriunt

339 3480 400 3533 quae
408 3462 597 3534 praevidentur,
607 3461 705 3514 mando
714 3471 740 3515 et
752 3480 849 3515 moneo
861 3469 892 3514 ut
901 3480 994 3515 caveas
1008 3462 1080 3515 tibia
1091 3462 1167 3515 labiis
1176 3461 1260 3533 iniqui
1269 3471 1294 3516 et
1307 3463 1351 3515 al.
1365 3462 1390 3514 d.

339 3583 421 3654 Apud
428 3601 476 3636 nos
486 3583 557 3636 enirn
571 3582 694 3653 quaedam
708 3582 740 3636 de
750 3591 776 3636 te
785 3583 955 3636 disseminata
967 3583 1135 3653 sunt,quibus
1145 3584 1212 3636 forte
1218 3585 1271 3636 nisi
1281 3584 1393 3655 clipeum

340 3711 431 3756 cautae
443 3703 598 3773 provisionis
611 3704 772 3773 opposueris,
792 3701 862 3754 laedi
883 3703 911 3754 in
937 3702 1129 3773 curiapoteris.
1168 3704 1269 3756 Summi
1293 3722 1388 3774 nempe

340 3822 449 3890 quidam
468 3822 518 3873 viri
537 3821 642 3874 atridam
654 3821 688 3872 de
701 3820 774 3873 curia
787 3821 831 3890 qui
844 3820 916 3892 apud
928 3839 976 3874 nos
984 3830 1030 3887 est,
1041 3830 1070 3874 ut
1077 3821 1134 3893 ipse
1147 3823 1243 3888 audivi,
1251 3824 1395 3876 insusurra·

334 3947 430 3992 verunt
443 3947 469 3994 te
483 3939 515 3992 de
529 3940 601 3993 curia
619 3939 717 3992 dixisse
739 3940 870 4010 quaedam
887 3940 1035 4006 inhonesta,
1062 3949 1088 3994 et
1107 3951 1132 3995 te
1154 3943 1250 3996 falsum
1273 3943 1391 4012 legatum

336 4061 436 4114 domini
447 4078 526 4132 papae
538 4060 565 4112 in
585 4059 627 4112 his
644 4059 763 4130 partibus
781 4060 900 4130 gessisse.
938 4061 1006 4118 Quae
1024 4061 1114 4114 neseio
1132 4070 1221 4114 utrum
1240 4063 1291 4114 sint
1309 4061 1392 4132 magis

335 4182 404 4236 salsa
417 4201 497 4254 quam
506 4183 624 4254 maligna
633 4183 701 4236 vele
714 4199 849 4237 converso.
887 4182 997 4252 Sapiens
1010 4201 1045 4248 es,
1059 4191 1114 4237 esto
1126 4183 1175 4237 tibi
1185 4184 1213 4237 in
1225 4184 1266 4237 his
1279 4184 1391 4256 sapiens

333 4300 436 4356 Valete.
