3100 5192
371 587 379 601 '
477 588 633 641 Dasvsnns
659 586 810 639 Erisrouar.
1128 586 1178 636 125

122 761 173 796 naa
186 744 303 796 sarcinas
313 743 369 797 sine
379 744 506 809 molestia,
517 754 605 815 portat
616 746 673 798 sine
686 744 811 816 pondere,
822 742 932 812 deponit
941 741 997 794 sine
1011 740 1178 793 lassitudine.

124 864 265 915 Accrescit
284 863 351 916 forte
370 863 492 915 cumulus
511 863 646 933 ponderis,
665 863 712 916 sed
734 872 760 915 et
772 862 884 915 virtutis.
921 862 999 914 decet
1013 861 1084 913 enim
1096 859 1180 912 virtus

124 981 184 1035 sine
196 982 340 1051 palaestra3
360 982 406 1034 ubi
426 982 501 1035 deest
518 982 599 1046 lucta,
612 982 697 1035 virtus
712 982 815 1034 videtur
828 981 905 1050 quasi
917 980 1054 1033 discincta.
1091 978 1182 1031 Mollis

126 1109 154 1152 et
166 1108 258 1152 tenera
271 1107 311 1152 est
330 1117 411 1170 quum
431 1100 459 1151 in
482 1100 582 1153 lectulo
603 1099 788 1169 prosperitatis
807 1106 972 1151 extenuatur.
1010 1098 1095 1150 Sumit
1118 1114 1182 1151 vero

126 1235 204 1271 suum
223 1220 352 1283 habitum,
374 1220 456 1272 immo
467 1218 591 1289 seipsam,
605 1236 687 1287 quum
700 1219 848 1272 obviaverit
860 1218 932 1289 quod
945 1218 1120 1271 evincendum
1139 1218 1181 1270 sit.

127 1339 241 1391 Exserta
253 1339 393 1402 concurrit,
408 1337 454 1390 ubi
466 1337 500 1390 de
512 1338 622 1390 victoria
633 1337 752 1407 palmam
767 1338 873 1406 reperit.
911 1336 1060 1390 Provocata
1082 1336 1182 1400 melior,

128 1458 254 1511 lacessita
265 1458 405 1521 recentior,
419 1458 507 1510 subito
522 1456 688 1525 deprebensa
708 1456 869 1509 moderatior
890 1463 916 1508 et
934 1456 1034 1510 cautior
1057 1456 1183 1509 efficitur.

131 1578 195 1629 Noa
215 1578 337 1630 turbatur
357 1576 498 1645 repentino
519 1576 636 1638 incursu,
659 1591 713 1626 non
731 1574 866 1643 frangitur
889 1574 1007 1627 hostium
1026 1581 1182 1626 coacervato

129 1696 258 1749 exercitu.
281 1696 343 1749 Non
357 1694 470 1748 senescit
482 1694 626 1755 debilitate,
648 1692 695 1745 sed
713 1694 879 1746 consenescit
893 1694 1053 1747 maturitate.
1080 1693 1185 1747 Deserit

131 1833 211 1886 quem
222 1815 251 1866 in
264 1832 291 1867 se
303 1831 357 1867 non
369 1813 536 1866 converterit.
565 1813 656 1865 Utitur
666 1812 754 1883 siquid
774 1814 825 1866 hoc
845 1813 922 1866 aliter
933 1813 984 1866 isto
999 1821 1025 1865 et
1045 1813 1122 1866 aliter
1139 1813 1187 1866 iuo

130 1934 249 1986 bomine.
268 1934 324 1985 Aut
336 1933 407 1984 enim
420 1948 448 1985 se
456 1932 506 1983 sibi
515 1939 696 2001 contemperat
703 1942 750 1985 aut
759 1951 787 1985 se
800 1932 850 1985 sibi
862 1932 1029 1987 informando
1042 1941 1185 2002 comparat.

130 2052 189 2104 Nec
198 2060 238 2103 est
248 2052 344 2114 minor,
358 2050 405 2102 sed
417 2050 505 2102 minus
516 2050 545 2101 in
558 2050 617 2114 alio,
627 2067 676 2102 nec
684 2050 806 2119 amplior,
820 2051 867 2103 sed
877 2051 990 2121 amplius
1000 2052 1027 2103 in
1036 2051 1096 2115 alio,
1107 2052 1189 2121 profi-

134 2187 179 2223 cer
185 2170 311 2232 edicitur,
325 2185 407 2237 quum
421 2186 454 2219 ex
466 2186 499 2221 ea
511 2168 656 2238 proficitur.
689 2168 757 2221 Haec
769 2186 786 2221 a
797 2135 923 2240 corporea
937 2178 1034 2225 natura
1050 2170 1187 2224 diversum

132 2287 247 2352 sortitur,
261 2294 288 2339 et
300 2285 372 2355 quod
384 2294 424 2338 est
435 2287 469 2339 ab
478 2287 579 2356 origine
590 2296 616 2339 et
628 2288 699 2357 quod
707 2288 827 2343 efficitin
835 2287 950 2341 homine.
994 2288 1077 2358 Origo
1098 2291 1155 2361 ejus
1173 2309 1189 2343 a

133 2414 259 2471 creatore,
273 2406 319 2459 sed
332 2406 366 2459 ad
377 2406 518 2459 utilitatem
531 2417 668 2459 creaturae.
701 2409 774 2467 Quid
787 2408 857 2460 enim
871 2416 910 2460 est
922 2408 1005 2461 virtus
1017 2409 1076 2461 haec
1090 2408 1122 2462 de
1135 2427 1189 2478 qua

134 2525 278 2595 loquimur,
292 2524 343 2576 nisi
357 2541 438 2594 vapor
451 2532 478 2576 et
489 2524 622 2577 emanatio
641 2526 745 2577 virtutis
759 2525 828 2577 Deit
849 2526 998 2596 Vaporatnr
1012 2525 1118 2579 subdita
1131 2525 1188 2579 Deo

134 2645 231 2708 anima,
245 2644 319 2697 vitali
330 2653 385 2696 tam
397 2644 484 2697 colore
497 2662 576 2713 quam
588 2644 677 2709 odore,
691 2655 821 2714 quatenus
834 2644 920 2697 calore
928 2645 1096 2716 justificetur,
1110 2644 1190 2699 odore
1272 2672 1274 2677 ·

132 2762 303 2833 glorificetur.
334 2763 463 2832 Ogloriae
476 2763 549 2827 odor,
564 2764 588 2814 0
601 2763 673 2815 calor
682 2763 751 2816 vitae.
770 2764 838 2817 Tam
851 2782 929 2817 nemo
942 2764 999 2817 sine
1016 2764 1098 2817 altero
1120 2764 1189 2817 bene

134 2884 208 2947 vivit,
234 2901 315 2953 quam
341 2900 419 2936 nemo
441 2883 497 2935 sine
519 2883 602 2937 altero
622 2885 707 2937 beate.
727 2883 802 2936 Beati
824 2901 858 2935 ex
881 2882 934 2935 alio
958 2883 1055 2953 angeli,
1081 2900 1115 2935 ex
1139 2883 1191 2936 alio

134 3003 256 3057 homines
267 3003 339 3055 boni.
374 3003 418 3055 Sic
429 3010 518 3054 sutem
531 3003 620 3071 angeli
632 3003 702 3055 beati
714 3010 744 3055 ut
756 3011 783 3055 et
796 3002 866 3067 boni,
881 3002 944 3071 quia
957 3019 1007 3054 nec
1018 3002 1091 3055 beati
1103 3011 1191 3055 essent

133 3140 184 3175 nec
197 3122 261 3175 boni
271 3121 392 3185 fuissent,
408 3120 475 3173 sicut
489 3121 554 3174 odor
565 3138 670 3191 semper
682 3138 744 3174 cum
757 3121 852 3174 calore.
872 3121 943 3175 Nam
957 3121 1013 3173 sine
1027 3120 1113 3173 calore
1125 3121 1193 3173 nihil

136 3241 198 3293 olet
235 3241 310 3293 Calet
321 3248 411 3292 tamen
430 3239 531 3309 aliquid
552 3240 624 3309 quod
636 3258 690 3293 non
706 3241 768 3305 olet,
791 3242 859 3294 sicut
880 3248 907 3293 et
928 3240 1013 3295 bonus
1032 3239 1193 3311 quandoque

135 3360 270 3412 invenitur
282 3359 328 3428 qui
342 3358 457 3412 necdum
470 3359 564 3411 beatus
584 3368 630 3413 est.
667 3360 715 3413 Est
727 3379 791 3414 vero
803 3362 881 3414 arrha
892 3360 1065 3414 beatitudinis
1077 3360 1193 3425 bonitas,

138 3495 218 3547 quarn
228 3479 275 3547 qui
287 3495 342 3529 non
358 3477 464 3541 deserit,
480 3477 536 3549 ejus
549 3480 740 3549 consequutivo
753 3498 842 3533 carere
855 3498 910 3532 non
923 3481 1031 3549 poterit.

173 3835 209 3885 54
236 3831 288 3883 AD
309 3831 343 3883 Α.
385 3830 670 3899 pressurarum
705 3833 755 3885 DE
799 3834 927 3887 LAUDE
966 3834 1194 3889 HONESTATIS

614 3952 708 4004 EJUS.

174 4070 286 4123 Fasces
306 4068 340 4119 G.
359 4069 472 4121 Curram
492 4086 655 4135 raesarraa,
682 4089 848 4124 vauraasrsr
867 4074 901 4125 Α.
921 4090 1069 4127 sacaanom
1090 4074 1192 4126 Sancrr

458 4188 544 4240 Persi
574 4189 690 4244 Pauvrn.
731 4210 865 4243 saturnu.

176 4303 240 4353 Non
253 4301 384 4353 immerito
396 4302 435 4353 ilii
447 4320 579 4372 praesumo
599 4305 721 4368 scribere,
740 4323 819 4374 quem
840 4324 893 4358 non
907 4323 1039 4375 praesumo
1060 4324 1113 4359 non
1138 4306 1197 4359 diii-
