3100 5192
543 713 689 748 ounvnusrs
708 715 852 750 nsrsroun.
1185 699 1219 753 47

171 831 272 885 suntin
284 831 388 886 deserto
399 833 562 904 serpentium
574 853 678 889 venene
686 836 829 890 mortifera.
866 836 934 889 Sunt
941 853 1051 908 prorsus
1069 836 1223 890 amaritudi-

178 969 226 1006 nes
239 971 376 1022 aquarum,
388 953 435 1007 sed
448 973 555 1026 serpens
568 973 667 1021 aeneus,
682 957 729 1010 sed
740 958 817 1027 virga
829 956 928 1028 Moysi,
943 956 990 1010 sed
1008 957 1133 1010 columns
1150 958 1229 1010 nubis

175 1089 225 1143 per
242 1072 320 1138 diem,
334 1081 360 1126 et
371 1073 497 1145 ignisper
514 1083 630 1140 noctem,
651 1093 771 1128 asuerum
783 1077 898 1129 vertitin
915 1076 1001 1142 dulce,
1015 1076 1094 1148 eripit
1106 1094 1122 1128 s
1133 1083 1228 1140 morte,

172 1191 348 1265 liberetquea
371 1212 468 1248 morsu.
505 1197 601 1250 Sumus
622 1198 698 1267 quasi
727 1198 794 1251 nihil
817 1198 946 1252 hebentes
971 1206 998 1253 et
1019 1216 1043 1251 o.
1080 1215 1116 1268 p.‚
1154 1197 1230 1268 qussi

172 1314 322 1379 morientes,
336 1323 362 1368 et
369 1333 431 1369 ecoe
445 1316 556 1370 vivimus
569 1318 576 1370 i
602 1317 671 1371 Haeo
681 1318 825 1372 consolatio
833 1336 893 1372 mes
902 1327 942 1372 est
952 1319 980 1371 in
988 1318 1048 1371 loeo
1056 1317 1228 1389 peregrinati-

174 1436 231 1490 onis
248 1455 324 1503 meae,
338 1439 402 1508 quia
418 1438 486 1492 nihil
503 1439 641 1496 intulimus
658 1440 687 1494 in
699 1441 772 1494 huno
782 1441 922 1506 mundum,
931 1441 979 1493 sed
986 1459 1036 1494 nec
1049 1440 1114 1511 quid
1132 1440 1230 1493 referre

173 1575 321 1627 possumus,
342 1558 404 1628 quio
416 1557 536 1612 volueres
548 1559 610 1612 ooeli
622 1577 677 1612 non
689 1567 781 1613 serunt
793 1577 881 1630 neque
893 1565 1005 1624 metunu
1017 1564 1142 1611 ettamen
1153 1565 1230 1628 peter

174 1676 289 1730 coelestis
303 1677 386 1747 poscit
397 1677 463 1730 illes.
503 1678 536 1730 In
547 1679 643 1734 baculo
654 1696 715 1732 meo
727 1679 838 1732 transivi
846 1678 991 1732 Jordenem
1009 1677 1098 1741 istum,
1116 1682 1143 1729 et
1158 1693 1230 1729 nuno

174 1813 234 1848 eum
252 1795 355 1848 diusbus
372 1797 466 1850 turmis
483 1798 625 1868 regredior.
664 1800 753 1859 Quum
771 1799 889 1870 denique
906 1799 950 1851 via
969 1798 1004 1851 sit
1030 1795 1126 1861 brevis,
1152 1795 1229 1848 loeus

171 1931 254 1985 prope
273 1932 326 1984 quo
343 1913 485 1980 tendimus,
505 1933 588 1986 quare
605 1923 646 1968 tot
667 1933 747 1970 onera
763 1915 882 1968 humeris
901 1885 1032 1967 debilibus
1049 1911 1228 1983 imponimus?

172 2035 262 2094 Quare
277 2033 411 2086 incassum
420 2034 505 2088 multa
515 2036 669 2104 portamus?
687 2036 763 2086 Certe
783 2035 806 2087 si
823 2034 955 2087 Dominus
973 2033 1055 2085 fuerit
1072 2049 1178 2084 mecum
1194 2031 1224 2082 in

172 2149 219 2203 vie
230 2149 283 2201 ists
294 2166 349 2218 qus
358 2166 407 2218 ego
419 2148 534 2214 ambulo,
547 2167 602 2203 nou
615 2150 699 2203 deerit
711 2150 777 2204 mihi
794 2151 871 2221 panis
892 2151 926 2203 ad
945 2150 1078 2204 edendum
1095 2158 1122 2203 et
1139 2149 1220 2203 vestis

171 2267 389 2323 edinduendume
400 2267 441 2320 his
459 2269 856 2349 paucisnaturecoutentserit.
891 2269 933 2322 Tu
945 2277 1034 2323 eutem
1045 2287 1108 2340 pers
1127 2285 1228 2339 magns

174 2387 329 2441 deliciarum
343 2403 469 2453 mearum3
483 2387 550 2441 inte
563 2405 627 2458 opes
644 2406 721 2441 meae:
735 2397 765 2442 tu
784 2389 878 2459 capitis
895 2389 948 2442 mei
965 2388 1164 2442 reclinatorium
1183 2404 1229 2442 eu·

173 2525 256 2560 reum.
292 2506 404 2559 Utinam
417 2523 556 2576 corporum
569 2505 662 2559 eodem
670 2524 782 2577 semper,
792 2503 929 2560 mediante
950 2506 1062 2571 Christo,
1075 2505 1230 2577 propinqui·

175 2635 216 2680 tos
233 2634 302 2680 esset
314 2643 374 2696 quae
388 2634 414 2679 et
426 2625 583 2679 animorum.
620 2626 691 2679 Nolo
701 2633 731 2678 ut
742 2626 818 2696 piger
831 2626 874 2690 sis,
889 2643 943 2678 non
956 2625 1047 2678 valens
1059 2623 1094 2678 ed
1109 2643 1139 2677 os
1153 2642 1231 2678 man·

169 2723 220 2802 'um
232 2749 344 2813 mittere,
358 2748 386 2801 id
399 2755 445 2812 est,
460 2755 553 2801 tonum
563 2747 637 2819 quod
651 2747 729 2802 doces
746 2748 842 2800 faeere.
880 2746 1027 2800 Delitiosus
1045 2746 1116 2800 enim
1135 2755 1162 2800 et
1179 2748 1228 2800 im-

174 2870 272 2940 probus
290 2869 405 2923 monitor
418 2877 465 2934 est,
480 2868 567 2939 quiin
580 2886 611 2922 eo
630 2868 702 2941 quod
722 2869 804 2923 ulium
823 2868 909 2933 docet,
928 2868 1045 2938 seipsum
1062 2885 1117 2920 non
1136 2867 1223 2920 docet.

401 3357 434 3408 18
447 3350 641 3406 MAGISTRO
653 3353 680 3406 J.
700 3351 750 3405 DE
763 3351 1000 3407 SARESBERIA.

317 3496 366 3533 suo
379 3497 494 3532 cnnnrco
508 3497 572 3532 suus
585 3496 611 3531 e.

175 3576 258 3672 Tibi
269 3617 302 3653 en
315 3600 532 3670 occupationibus
544 3598 596 3652 tuis
609 3598 789 3651 visitationum
810 3605 916 3650 tuarum
935 3595 1072 3649 raritatem
1095 3592 1227 3668 imputare

178 3725 297 3786 debeam,
317 3738 369 3774 non
383 3720 462 3791 plene
474 3720 603 3773 discerno:
616 3719 668 3771 hoo
680 3736 764 3771 unum
776 3718 921 3789 perpendo,
936 3719 1008 3789 quod
1019 3719 1156 3773 literarum
1165 3725 1223 3770 tus·

176 3863 236 3898 rum
255 3844 288 3898 sd
300 3861 349 3897 nos
361 3814 495 3896 rarissime
507 3841 628 3912 pervenit
641 3841 772 3905 salutatio,
787 3849 813 3893 et
825 3841 944 3895 fortassis
956 3841 1057 3896 fluetus
1068 3843 1165 3897 marini
1176 3842 1229 3894 hoe

177 3969 286 4022 faciunt.
323 3967 376 4021 Sed
388 3983 454 4038 quas
463 3965 672 4018 absorbuerunt?
691 3963 809 4017 Ostende
827 3964 892 4017 mihi
907 3939 1030 4019 'chortam
1049 3967 1166 4020 caritatis
1184 3966 1230 4018 de·

177 4088 293 4160 periisse,
314 4096 341 4142 et
352 4105 406 4140 non
419 4103 461 4139 me
479 4085 608 4139 causabor
616 4084 727 4138 oblitum
736 4083 826 4136 luisse.
836 4083 952 4137 Rursum
970 4103 1050 4154 quem
1067 4087 1157 4139 mittas
1174 4101 1228 4137 uon

178 4208 267 4274 hebes,
281 4208 388 4262 etunde
399 4206 459 4260 haee
471 4205 562 4276 inopie
578 4204 630 4258 nisi
648 4205 715 4257 forte
730 4222 764 4257 ex
771 4204 866 4274 copia?
901 4205 978 4258 Certe
996 4215 1057 4259 ante
1075 4215 1102 4260 te
1118 4214 1229 4258 oummt

179 4329 276 4398 plures,
287 4335 349 4400 post
361 4336 386 4381 te
399 4324 621 4390 innumerabilem
642 4323 707 4376 diois
722 4321 804 4376 huie:
818 4323 903 4388 Vade,
918 4333 944 4378 et
954 4326 1034 4392 vadit,
1045 4334 1072 4380 et
1089 4325 1149 4379 alii:
1159 4325 1229 4381 Veni
