3100 5192
313 698 345 748 ts
365 661 370 668 -
463 733 466 738 -
770 710 797 745 a.
825 709 938 745 aratris

310 789 410 888 nirdam
429 833 615 889 salutationem
628 831 725 885 attulit.
750 831 895 885 Festinatio
915 829 1101 902 properantisl
1118 828 1169 882 Sed
1187 827 1265 900 plura
1282 827 1369 898 sigilla

311 955 431 1025 pluribus
450 953 546 1008 attulit.
585 953 678 1007 Restat
695 951 785 1023 itaque
804 949 1008 1006 condemnanda
1024 949 1053 1002 in
1078 948 1170 1001 amicis
1194 947 1365 1018 negligentia.

311 1073 383 1134 Quia
401 1074 482 1144 igitur
500 1074 588 1128 oleum
606 1090 660 1126 non
679 1071 796 1137 misistis,
815 1071 937 1124 aculeum
956 1069 1066 1134 sumitis,
1086 1077 1113 1123 et
1130 1069 1190 1123 ideo
1207 1068 1291 1140 pungi
1314 1086 1370 1121 me-

309 1194 406 1258 ruistis,
426 1193 489 1264 quia
506 1193 572 1263 ungi
590 1191 719 1245 noluistis.
757 1191 785 1244 Si
803 1191 905 1255 valetis,
925 1190 993 1244 bene
1012 1198 1052 1242 est
1069 1188 1155 1242 uobis.

695 1663 721 1712 2.
735 1658 856 1711 EIDEM
875 1657 981 1710 IDEM.

385 1846 513 1899 Saturnia
534 1867 594 1902 ouis
615 1866 662 1899 rsa
683 1865 710 1899 ru
742 1847 811 1900 Jssu
830 1847 962 1898 Cunrsro.

318 1977 398 2070 Spes
419 2018 478 2070 quae
497 1999 619 2052 differtur
637 1998 739 2080 affligit
763 1998 889 2051 animam.
926 1998 1013 2051 Verus
1038 2017 1112 2052 arnor
1123 1998 1316 2070 impatientiam
1327 1997 1368 2051 sui

313 2121 437 2174 desiderii
451 2119 610 2191 quandoque
620 2137 673 2171 non
687 2120 809 2172 irascitur
817 2119 1063 2172 commendabiliter
1072 2120 1199 2190 superari.
1208 2119 1282 2172 Nihil
1295 2119 1364 2172 euim

312 2260 379 2312 pene
393 2239 465 2294 aliud
478 2227 555 2292 estin
568 2239 623 2290 vita
631 2239 777 2304 homiuum,
792 2239 863 2309 quod
873 2240 991 2310 qualibet
1003 2248 1059 2292 arte
1071 2239 1185 2310 mitigari
1193 2258 1252 2292 non
1276 2240 1366 2312 possit

310 2363 377 2432 Spes
390 2361 479 2430 itaque
492 2359 621 2412 adventus
633 2359 714 2413 vestri
727 2359 844 2412 nunciati
866 2369 965 2430 quanto
982 2360 1090 2414 uberius
1109 2361 1228 2413 animum
1245 2360 1366 2414 laetitica-

311 2482 356 2546 vit,
377 2489 451 2534 tanto
469 2480 582 2551 amplius
600 2497 634 2532 ex
651 2498 727 2532 mors
751 2479 885 2533 dilationis
908 2479 1038 2533 hacteuus
1064 2479 1168 2551 affligit
1205 2481 1310 2534 AEstrrat
1336 2479 1369 2534 si-

315 2603 424 2674 quidem
442 2601 546 2654 animus
563 2601 592 2653 in
610 2601 774 2654 revolutione
793 2601 961 2654 fortuitorum
980 2619 1097 2666 casuum,
1116 2619 1189 2654 nunc
1219 2601 1271 2655 hoc
1296 2618 1367 2654 nuno

310 2724 384 2776 illud
401 2722 575 2776 reformidans
594 2722 682 2776 subito
711 2721 872 2775 contrarium
891 2723 1025 2776 accidisse.
1063 2723 1134 2783 Quid
1152 2724 1246 2794 plural
1264 2723 1369 2794 Cogita-

315 2846 351 2897 tio
370 2851 397 2897 et
414 2843 539 2914 cogitatio
559 2842 837 2908 advenit;mora1um
863 2861 926 2897 vero
944 2844 1075 2897 dubitatio
1104 2863 1154 2897 nec
1173 2844 1207 2896 ad
1236 2852 1366 2915 punctum

314 2966 347 3018 ab
366 2964 454 3018 animo
472 2963 580 3018 recedit.
616 2964 679 3016 Alia
699 2964 795 3035 inquit,
814 2965 831 3017 J
834 2982 877 3017 am
891 2965 949 3036 jam
966 2965 1056 3019 venit:
1076 2965 1136 3031 alia,
1156 2966 1235 3018 Forte
1251 2982 1306 3018 uon
1324 2983 1370 3016 va-

312 3087 358 3140 let.
397 3086 453 3139 Ista
471 3085 642 3140 incommoda
659 3085 785 3157 temporis
803 3086 931 3157 replicat;
950 3086 997 3139 illa
1014 3086 1182 3140 intolerabile
1199 3087 1364 3156 negotiorum

313 3206 418 3278 pondus
431 3206 516 3258 ¹anaia
534 3205 655 3276 suspiret.
694 3205 764 3258 Ecce
783 3213 883 3274 quanta
901 3205 995 3276 caligo,
1015 3214 1115 3275 quanta
1132 3205 1312 3277 suspicionum
1330 3215 1373 3259 tu·

317 3324 467 3379 multuatio.
504 3325 556 3377 Ubi
575 3324 694 3377 veritas?
711 3325 756 3376 An
775 3324 884 3379 forsitan
904 3344 975 3379 error
999 3334 1046 3391 est,
1074 3326 1120 3378 ubi
1137 3326 1203 3379 latet
1229 3325 1301 3397 quod
1322 3343 1371 3382 ,vc-

317 3465 376 3499 rum
396 3454 444 3511 est,
464 3453 491 3499 et
508 3463 561 3498 non
580 3445 730 3499 sententia?
749 3444 802 3498 Sed
823 3446 909 3499 adhuc
929 3446 1084 3517 subjudice
1099 3446 1133 3500 lis
1159 3455 1206 3501 est.
1244 3447 1286 3501 Ex
1303 3447 1392 3531 suul-⁴

314 3568 349 3620 tis
376 3566 448 3620 enim
467 3566 685 3636 ambiguitatibus
703 3574 750 3622 aut
769 3565 813 3619 vix
839 3575 886 3620 aut
902 3584 1041 3638 nunquam
1068 3575 1169 3621 certum
1187 3566 1288 3637 aliquid
1314 3567 1370 3620 sine
1397 3535 1402 3550 ἰ

317 3688 435 3744 doctoris
461 3687 684 3742 demonstratione
722 3687 834 3742 elicitur.
871 3689 1037 3744 Renunciate
1048 3688 1130 3758 igitur
1154 3687 1246 3740 amicis
1272 3686 1370 3740 divinae

315 3805 386 3862 circa
404 3822 452 3857 nos
470 3803 648 3857 miserationis
667 3822 784 3876 operam,
803 3813 834 3856 ut
851 3804 1011 3858 omuimodae
1030 3804 1116 3858 soluto
1129 3803 1301 3860 dubitationis
1314 3803 1370 3856 viu-

317 3926 376 3978 culo
394 3924 577 3980 indubitanter
595 3932 641 3978 aut
658 3924 729 3980 viam
754 3924 886 3979 sinistram
910 3926 1098 3997 compassionis
1116 3933 1162 3978 aut
1180 3925 1302 3978 dextram
1326 3942 1371 3995 ap-

314 4045 511 4116 prebendamus
554 4046 796 4116 congratulationis.
846 4015 914 4101 Satis
940 4047 1011 4100 enim
1055 4046 1179 4118 injuriose
1216 4045 1371 4116 deturpatur

316 4167 413 4220 nobilis
432 4166 545 4232 animus,
565 4167 586 4219 si
605 4185 632 4220 se
651 4184 705 4220 non
723 4175 864 4238 praeparat
876 4167 976 4219 mutuis
988 4167 1095 4220 obviare
1112 4166 1259 4231 beneficiis,
1277 4165 1371 4218 saltem

314 4289 406 4358 {aequis
424 4289 552 4360 passibus.
588 4287 677 4358 Turpe
703 4289 782 4340 etiarn
801 4288 896 4341 estimo
913 4305 966 4342 non
994 4288 1147 4342 omnimodo
1184 4305 1277 4346 cavere
1296 4305 1372 4356 supe-
