3100 5192
523 678 680 731 Dsuveusss
697 690 844 733 aristosa.
1181 683 1211 735 71

150 831 249 886 sterilia
269 838 305 884 et-
319 830 478 883 infoemmdu
499 830 690 902 impinguetur,
706 832 817 904 jejuniis
841 840 869 888 et
886 832 986 904 vigiliis
1002 834 1153 905 atliigatur:
1182 844 1213 891 ut

157 952 248 1005 anima
265 959 335 1004 tetra
351 958 379 1006 et
401 951 542 1005 tenebrosa
565 951 733 1018 clarificetur,
758 952 880 1023 pristinis
904 952 975 1007 vitiis
998 961 1025 1007 et
1048 954 1217 1024 phantastica

152 1072 307 1142 ignorantia
320 1080 448 1126 exuatur:
486 1091 548 1127 caro
560 1074 719 1127 abstinendo
729 1074 776 1128 liat
788 1073 927 1145 paradisus
943 1074 1108 1139 deliciarum,
1126 1075 1215 1130 suims

153 1192 257 1246 mando
273 1200 301 1246 st
319 1192 527 1263 contemplando
551 1192 685 1247 efficiatur
707 1194 905 1250 serenissimum
929 1193 1043 1247 coelum:
1075 1202 1164 1249 custos
1187 1202 1215 1247 ct

153 1319 278 1381 operator
309 1312 430 1367 Paradisi
452 1312 595 1384 deputetur
619 1314 695 1379 ratio,
720 1322 855 1385 protector
879 1322 906 1367 et
930 1314 1224 1395 inhabitatoronimee

151 1430 236 1501 ipsius
248 1439 369 1485 creator:
382 1430 541 1487 adhibeatur
553 1431 657 1501 corpori
671 1432 785 1501 diligens
794 1430 943 1503 disciplina,
957 1451 991 1489 us
1007 1441 1136 1504 tanquam
1149 1452 1215 1505 puer

154 1549 313 1603 immaturus
329 1550 359 1603 in
374 1550 521 1620 pernicicm
539 1550 581 1603 sui
596 1549 749 1603 immaniter
763 1548 905 1605 atteratur:
923 1550 1028 1605 cultius
1034 1552 1213 1623 impendatur,

153 1685 190 1723 ns
206 1668 279 1723 velut
295 1687 362 1739 ager
378 1669 517 1738 neglectus
540 1668 613 1723 mala
635 1668 710 1739 prole
732 1668 879 1733 urticarum
902 1668 1033 1733 inutiliter
1056 1679 1209 1743 occupetur,

153 1805 261 1841 vomere
280 1796 307 1841 et
324 1787 429 1841 sarculo
445 1787 589 1854 scindatur,
604 1796 632 1841 et
648 1788 719 1843 bono
734 1789 836 1844 semine
852 1789 1002 1860 impleatur.
1048 1792 1120 1845 Nem
1134 1792 1219 1863 haim

152 1916 258 1961 naturae
271 1914 311 1960 est
321 1906 373 1959 boc
386 1918 490 1976 corpus,
502 1913 533 1959 ut
545 1922 598 1975 quo
610 1906 696 1977 magis
706 1906 864 1977 opprimitur
876 1924 907 1961 eo
924 1908 1038 1978 amplius
1055 1908 1216 1979 multiplice·

157 2034 209 2079 tur.
254 2024 339 2079 Terra
349 2025 432 2095 hujus
447 2025 535 2077 carnis
553 2025 607 2079 nisi
624 2033 713 2079 aratro
724 2025 874 2094 discipline
892 2024 1021 2080 convulsa
1033 2022 1123 2089 fucrit,
1141 2026 1217 2095 quasi

157 2145 248 2199 clausa
260 2144 342 2197 vulva
352 2142 455 2195 inutilis
465 2143 525 2195 erit.
562 2142 601 2195 At
610 2143 658 2195 ubi
668 2142 770 2195 fortiter
782 2160 909 2196 concussa
921 2142 963 2195 vel
975 2142 1108 2199 conscissa
1124 2162 1215 2201 semen

156 2259 266 2314 Domini
275 2258 442 2313 exercituum
451 2258 593 2330 exceperit,
603 2258 753 2329 germinare
762 2259 910 2313 secuudum
919 2277 1003 2330 genus
1016 2278 1093 2315 suum
1105 2261 1214 2333 incipit,

157 2378 273 2449 denique
284 2378 402 2432 secundo
414 2378 554 2433 vulnerata
565 2387 693 2448 tanquam
705 2378 795 2448 gladio
808 2379 926 2449 ancipiti,
939 2398 1029 2434 amore
1045 2380 1171 2445 videlicet
1188 2390 1216 2437 et

155 2497 258 2561 timore,
268 2497 363 2550 uberes
372 2495 599 2567 irucbmjustitiae,
607 2494 769 2563 largissimas
776 2512 860 2562 aquas
872 2496 984 2549 internae
993 2496 1214 2569 compunctionis,

156 2616 238 2668 immo
249 2615 407 2684 sanguinem
419 2621 447 2667 et
459 2630 558 2683 aquam
572 2612 602 2665 in
617 2612 831 2683 redemptionum
840 2629 948 2665 suarum
965 2613 1215 2684 pravaricationum

159 2744 188 2790 et
211 2735 424 2789 emendationem
445 2732 613 2803 originalium
630 2731 796 2797 delictorum,
815 2734 843 2787 in
861 2733 944 2787 vitam
961 2741 1080 2790 eternam
1098 2733 1216 2789 sedendo

158 2853 277 2925 profluit.
313 2853 452 2908 Alteratur
463 2852 554 2923 itaque
567 2851 724 2907 contritione
736 2851 835 2917 valida,
848 2868 883 2905 ne
895 2852 1036 2907 insolescat
1053 2860 1080 2909 et
1096 2870 1145 2927 pro
1161 2853 1218 2907 iru-

159 2981 251 3028 mento
269 2974 400 3027 bonorum
418 2991 528 3044 operum
550 2973 642 3044 apinae
659 2979 686 3027 et
703 2972 814 3025 tribulos
831 2971 1021 3033 desideriorum
1037 2975 1216 3044 malignorum

162 3092 266 3147 afferat.
304 3090 440 3154 Fodiatur,
454 3092 535 3143 immo
547 3089 722 3153 confodiatur,
735 3088 830 3141 lancea
843 3088 993 3167 salvatoris,
1011 3106 1048 3168 ne.
1056 3091 1173 3167 animam
1186 3090 1215 3143 in

159 3211 281 3284 sepulcro
294 3210 425 3268 viciorum
437 3209 570 3263 defossam
582 3208 681 3263 eternis
693 3208 802 3261 addicat
812 3207 952 3264 incendiis.
989 3208 1100 3264 Duobus
1111 3208 1216 3263 funicu-

158 3331 194 3384 lis
208 3329 296 3383 David
309 3329 477 3392 admetiatur,
490 3346 545 3381 uno
557 3326 592 3381 ad
604 3325 828 3391 mortificandum,
848 3326 900 3380 alio
919 3326 953 3381 ad
970 3326 1169 3407 uiuificandum,
1187 3336 1218 3385 ut

161 3448 234 3519 quod
248 3456 354 3501 naturae
366 3456 406 3500 est
418 3455 599 3510 conservetur,
614 3453 640 3513 et
653 3444 724 3515 quod
737 3445 800 3497 vicii
818 3445 975 3497 destruatur.
1021 3446 1064 3501 Sic
1078 3446 1116 3499 sic
1134 3464 1218 3517 quan-

160 3576 324 3634 tumcunque
335 3565 464 3635 lapidosa,
476 3564 523 3623 fiet
535 3563 621 3616 mollis
642 3570 669 3615 et
688 3573 796 3627 tenera;
824 3570 1059 3633 quantumcunque
1078 3564 1218 3635 salsuginis

161 3684 252 3759 plena,
271 3684 318 3739 fiet
338 3683 423 3735 dulcis
436 3690 462 3735 et
473 3682 553 3736 bona.
607 3680 668 3732 Fiet
679 3680 788 3749 inquam
801 3678 835 3730 de
846 3679 1075 3751 benedictionibus
1087 3679 1148 3731 coeli
1164 3679 1219 3731 fru-

161 3804 262 3873 gifera:
290 3804 337 3857 fiet
361 3802 439 3871 quasi
455 3800 526 3853 horti
538 3799 618 3871 juxta
634 3798 729 3852 fluvios
747 3799 848 3869 irrigui,
868 3799 944 3869 quasi
961 3799 1056 3852 areolae
1075 3798 1184 3852 consitas
1202 3817 1219 3853 a

159 3922 360 3995 pigmentariis,
373 3920 450 3991 quasi
463 3937 539 3976 mons
552 3920 706 3989 coagulatus
724 3928 753 3977 et
766 3920 881 3990 pinguis,
891 3926 1018 3990 tanquam
1036 3920 1112 3989 uallis
1127 3938 1219 3995 nemo-

162 4056 230 4103 rosa,
244 4037 318 4091 velut
330 4045 401 4091 terra
413 4043 505 4089 sancta
518 4042 544 4089 et
556 4034 698 4086 uberrima.
735 4034 777 4087 De
789 4034 840 4087 hac
846 4033 1012 4089 solummodo
1022 4018 1104 4087 oritur
1111 4034 1216 4101 veritas,

162 4157 192 4212 in
202 4155 273 4209 hanc
280 4154 388 4225 justitia
400 4154 433 4207 de
447 4152 516 4228 coelc
524 4153 665 4232 prospicit:
701 4152 771 4208 hanc
786 4152 920 4205 inhabitat
936 4161 963 4204 et
979 4152 1128 4205 inambulat
1143 4170 1219 4223 sanc7

164 4276 233 4350 dtas.
272 4274 384 4328 Ferrum
397 4274 430 4329 do
442 4273 494 4330 hac
506 4271 609 4326 tollitur
615 4290 625 4339 3
644 4272 757 4350 malleus
769 4272 901 4325 universae
915 4279 1030 4345 terrast
1040 4270 1138 4324 securis
1156 4287 1217 4345 sug·
