3100 5192
383 508 418 556 rii
810 551 835 586 u.
856 555 1002 596 nsnvuusrs

381 645 532 712 pulcritudo
544 671 631 726 neque
644 661 756 721 dulcedo
768 687 856 743 neque
868 679 967 736 utilitas
980 702 1042 738 vera
1062 697 1101 742 est
1121 691 1149 745 in
1172 699 1252 752 vobis.

1292 704 1362 760 Vera
1382 721 1428 777 est,

381 780 443 815 vera
464 776 505 819 est
530 770 563 824 de
591 777 665 830 robis
685 787 811 852 sentenia,
847 796 908 862 quia

938 817 1019 868 quum
1047 807 1080 858 sit
1104 808 1131 861 in
1159 816 1235 874 vobis¹
1256 824 1364 890 vanitas,
1387 847 1431 882 cor

379 893 477 932 vanum
488 883 574 939 facitis
584 893 655 958 quod
661 900 794 965 possidere
802 911 930 976 poteritis.
956 919 1007 972 Sed
1016 921 1049 976 de
1058 925 1099 979 his
1108 929 1243 989 hactenus.

378 998 543 1070 accedamus,
556 1009 630 1076 scito,

1281 942 1319 995 Ut
1331 947 1425 1003 adrem

644 1018 735 1085 amice,
750 1025 813 1092 quia
824 1033 966 1097 pretiosum
990 1051 1134 1116 martyrem
1154 1054 1293 1124 Aiguifum
1313 1065 1339 1117 in
1361 1085 1422 1124 vase

372 1133 426 1169 non
440 1121 486 1174 vili
499 1143 560 1180 ecce
572 1131 606 1182 ad
617 1139 840 1206 peregrinandum
853 1149 880 1202 in
890 1165 1004 1224 egestate
1013 1179 1060 1215 sua
1073 1165 1243 1227 destinamus.
1280 1181 1320 1235 De

372 1254 432 1288 mea
453 1240 480 1291 in
499 1261 608 1300 manum
620 1268 707 1307 meam
727 1258 803 1313 illum
822 1265 934 1336 depono.
972 1268 1156 1354 Quodcunque

368 1372 472 1425 cunque
485 1361 663 1434 disposueritis
674 1372 708 1426 de
719 1381 819 1433 nuntiis

1340 1203 1423 1243 manu

1176 1293 1317 1364 volueritis,
1337 1307 1421 1372 quod-

840 1394 927 1442 ratum
948 1391 1040 1450 habeo.
1079 1403 1235 1466 Generalem
1257 1418 1421 1479 administra*

366 1475 464 1530 tionem
477 1490 503 1533 et
515 1501 606 1540 curam
617 1490 645 1542 in
657 1492 698 1546 his
711 1498 832 1554 amicitiae
851 1512 904 1558 tuae
918 1513 1030 1592 assigno.

746 1862 781 1912 23
795 1861 917 1919 EIDEM
936 1872 1043 1931 IDEM.

573 1987 665 2025 BONUM
679 1992 750 2030 Quen
764 1998 812 2038 EST
826 2003 911 2041 SUPER
924 2010 1001 2048 OMNE
1015 2017 1117 2058 Bonum.

391 2079 477 2134 Aliter
490 2084 522 2137 fit
536 2087 688 2159 frequenter
700 2096 727 2149 in
740 2117 828 2156 rerum
842 2119 939 2164 eventu
952 2132 1031 2183 quam
1051 2131 1199 2198 perpendat
1213 2138 1324 2198 hominis
1346 2167 1409 2220 pro-

356 2199 481 2256 uidentia.
519 2208 559 2262 Ea
570 2215 705 2284 praecipue
727 2229 768 2273 est
778 2222 807 2275 in
820 2229 906 2281 causis
919 2250 999 2302 quare
1012 2253 1141 2302 amatores
1153 2257 1270 2316 veritatis
1289 2273 1408 2336 quando-

997 2367 1085 2418 tamen
1116 2380 1190 2428 extra
1220 2384 1308 2438 orbem
1337 2397 1407 2448 veri-

351 2444 421 2495 tatis.
461 2445 540 2503 Unde
553 2453 574 2504 si
584 2453 662 2526 hujus
674 2461 712 2513 rei
724 2463 753 2515 in
764 2464 824 2522 luce
843 2477 1007 2544 exprimatur
1027 2490 1189 2550 continentia
1201 2517 1250 2556 nec
1263 2512 1403 2572 mendaces

353 2335 404 2386 que
417 2321 568 2393 loquuntur,
579 2333 628 2385 etsi
648 2353 703 2389 non
716 2350 809 2396 contra
839 2349 982 2422 veritatem,

352 2561 458 2618 dicendi
467 2578 536 2636 sunt,
549 2575 611 2644 quia
625 2589 717 2635 contra
729 2587 866 2644 veritatem
879 2611 932 2648 non
945 2599 1096 2674 loquuntur,
1108 2628 1157 2669 nec
1169 2629 1274 2694 proprie
1287 2649 1400 2706 veraces,

346 2683 408 2749 quia
421 2688 494 2743 aliud
507 2711 587 2762 quam
600 2703 736 2772 contingat
748 2710 897 2777 opinantur.
936 2720 1028 2794 Itaque
1056 2731 1123 2788 sicut
1139 2745 1315 2817 praecipitium
1328 2762 1399 2818 falsi·

343 2805 404 2855 tatis
412 2823 601 2884 usquequaque
610 2803 726 2877 devitare
734 2828 804 2895 volo,
815 2833 852 2886 sic
861 2839 977 2896 veritatis
984 2847 1076 2918 ripam,
1085 2859 1133 2910 etsi
1143 2878 1197 2921 nou
1206 2878 1337 2950 contingo,
1348 2891 1399 2944 sal-

346 2920 400 2968 tem
414 2920 518 2977 affecto.
556 2930 680 2993 Reducor
691 2945 802 3015 proinde
825 2959 968 3020 afalsitate
981 2973 1079 3033 voleus
1093 2994 1109 3028 a
1122 2989 1184 3032 Vero
1197 2988 1295 3046 nolens.
1304 2997 1395 3058 Teneo

342 3046 430 3092 eutem
456 3047 582 3118 medium,

336 3513 439 3572 insidiis
452 3523 565 3585 fortuna
577 3535 677 3596 fallitur
699 3557 725 3602 et
744 3570 881 3630 nunquam
903 3588 936 3624 ex
954 3583 1088 3648 proposito
1100 3588 1175 3658 fallit,
1202 3615 1219 3649 u

1221 3607 1231 3650 t
1244 3601 1339 3673 dignus
1352 3612 1385 3665 sit

328 3650 509 3716 compassione
527 3676 580 3714 non
594 3671 820 3737 condemnatione.

368 3765 446 3833 Haec,
461 3778 545 3831 amice
566 3788 706 3859 carissime,
719 3807 900 3879 praemiserim,
916 3828 1044 3888 quatenus
1063 3838 1168 3890 noveris
1186 3850 1317 3902 retentum
1337 3871 1379 3908 me

331 3881 445 3940 invitum
458 3895 492 3946 ab
506 3909 681 3972 exequutione
699 3925 853 3998 sponsionis,
873 3940 935 4008 quia
953 3948 994 4000 vel
1011 3957 1122 4012 nuncios
1140 3975 1244 4022 nostros
1263 3975 1304 4027 vel
1323 3981 1378 4032 oin·

331 4021 387 4059 eres
409 4010 591 4093 beatiAigulfi
618 4033 722 4094 mittere
742 4044 829 4104 debui.
867 4057 1071 4130 Intervenerunt
1088 4079 1210 4153 plurima,
1233 4109 1293 4161 quae
1314 4097 1376 4153 huic
