3100 5192
366 569 419 617 tat
817 564 850 616 G.
869 566 990 617 Asnaus

361 724 488 777 clericum
502 728 619 776 vestrum
634 730 661 774 at
685 722 799 775 amicum
813 731 931 777 nostrum
951 722 1043 777 docuit
1062 730 1088 775 et
1107 720 1192 779 muita
1210 721 1281 779 bona
1311 719 1336 773 ei
1351 720 1423 781 fecit.

365 844 446 895 Hunc
465 844 540 895 vobis
564 843 737 897 attentissime
756 842 980 896 commendamus.

387 1280 438 1373 aas
464 1320 673 1374 nontamen
700 1320 750 1373 na
777 1319 1004 1383 nnnncnmo,
1021 1320 1107 1379 unm
1128 1320 1199 1372 nno
1227 1320 1413 1375 sncrsrvo

799 1440 983 1493 ROGABAT.

551 1559 674 1611 Douma
694 1576 751 1611 sua
771 1575 869 1610 suavus
883 1576 947 1610 suus
965 1576 1094 1611 srrarrun
1116 1576 1234 1611 ascrun.

402 1678 483 1739 Quod
496 1679 566 1733 tilius
579 1670 694 1731 hominis
707 1696 762 1731 non
775 1679 879 1732 venerit
890 1696 982 1749 pacem
998 1680 1102 1732 mittere
1121 1680 1149 1731 in
1169 1688 1274 1743 terram,
1297 1680 1344 1733 sed
1366 1670 1423 1749 gla-

361 1799 445 1864 dium,
461 1808 488 1852 et
500 1799 571 1869 quod
583 1799 698 1869 Spiritus
712 1800 824 1853 Sanctus
840 1816 917 1869 super
930 1800 1063 1870 principes
1077 1807 1181 1853 nostros
1193 1801 1295 1870 insigne
1310 1801 1421 1855 descen-

360 1913 437 1979 derit,
452 1914 576 1985 quodque
588 1914 663 1966 Isaac
674 1915 764 1984 ignem
776 1931 865 1983 poenae
878 1924 904 1966 et
915 1915 989 1983 ligna
996 1914 1144 1985 disciplinae
1153 1924 1251 1969 uostrae
1260 1917 1417 1988 portaverit,

366 2037 461 2089 scienti
474 2037 561 2090 refero
574 2053 580 2088 ε
601 2036 660 2088 haee
673 2036 753 2089 etiam
763 2036 881 2091 fortassis
893 2038 960 2089 ratio
972 2044 1020 2103 est,
1036 2055 1119 2107 quare
1131 2038 1216 2091 Jacob
1230 2038 1257 2091 in
1269 2039 1419 2093 benedicti-

365 2178 417 2213 one
433 2161 546 2213 fiiiorum
559 2160 660 2231 Joaeph
672 2177 766 2212 manus
784 2160 1009 2225 transversaverit,
1027 2161 1152 2229 quatinus
1170 2162 1335 2231 singulorum
1357 2180 1413 2215 non

364 2280 513 2333 nativitatis
526 2280 593 2332 ordo
604 2288 652 2333 aut
663 2279 811 2349 privilegia,
834 2279 880 2331 sed
894 2280 1048 2332 meritorum
1068 2290 1095 2333 et
1113 2298 1224 2347 morum,
1246 2282 1418 2336 attendantur

360 2398 459 2453 officia.
471 2398 577 2452 Virtute
588 2414 705 2467 namque
716 2397 880 2451 discretionis
892 2406 996 2450 servata
1009 2407 1037 2451 et
1044 2399 1223 2453 misericordia
1229 2401 1256 2453 in
1265 2419 1313 2455 sua
1326 2402 1417 2457 trium·

362 2517 429 2589 phat
439 2517 534 2588 patria,
544 2526 571 2570 et
578 2516 680 2588 justitia
689 2533 805 2585 congrue
816 2515 933 2586 disponit
941 2516 1021 2569 totius
1029 2518 1105 2587 regui
1112 2518 1301 2587 gubernacula.
1321 2522 1411 2580 Quum

361 2637 452 2709 itaque
464 2638 593 2709 palatium
605 2637 769 2707 ingredimur
780 2636 976 2701 misericordiae,
990 2636 1068 2690 flores
1089 2645 1115 2690 et
1127 2638 1229 2693 fructus
1250 2640 1416 2711 decerpimus

361 2759 450 2812 olivae.
477 2760 568 2817 Quum
582 2758 617 2810 ad
629 2757 744 2810 tribunal
757 2756 869 2827 justitiae
890 2755 1047 2820 adsistimus,
1069 2757 1184 2827 palmam
1207 2769 1374 2830 reportamus
1388 2770 1414 2817 et

360 2878 396 2931 de
407 2878 493 2948 pomis
505 2878 572 2931 Solis
583 2885 610 2931 et
622 2877 706 2929 Lunae
720 2875 854 2929 satiamur,
885 2876 954 2929 Haec
976 2876 1003 2928 in
1016 2876 1115 2946 reginae
1137 2887 1237 2932 nostrae
1257 2880 1414 2935 vestimento

361 2992 527 3047 delectabilis
535 2992 656 3055 varietas,
666 2990 699 3043 ad
708 2990 827 3043 tollenda
836 2990 942 3043 fastidia
953 2990 1066 3043 tiliorum
1079 2992 1218 3047 hominum
1231 2994 1282 3047 Dei
1291 2996 1415 3051 immuta-

362 3114 424 3168 bilis
436 3113 597 3167 mutabilitas
612 3120 639 3165 et
650 3119 741 3163 eterna
753 3110 878 3163 alteritas.
916 3110 992 3167 Idem
1005 3129 1120 3183 namque
1128 3114 1219 3185 justus
1232 3123 1258 3168 et
1265 3116 1414 3171 misericors

363 3232 437 3287 Deus
448 3248 503 3285 uon
518 3230 644 3283 varietate
652 3228 767 3299 propriae
780 3229 934 3287 substantiae
946 3229 1051 3295 dieitur,
1065 3231 1112 3284 sed
1134 3234 1310 3289 mutabilitate
1328 3236 1414 3307 culpae

363 3358 464 3403 nostrae
477 3350 520 3402 vei
531 3348 706 3419 poenitentiae,
718 3348 781 3400 talis
794 3348 835 3399 vel
848 3348 907 3400 talis
929 3350 1090 3405 nominatur.
1121 3352 1138 3405 J
1141 3370 1240 3407 oannes
1260 3372 1365 3427 quoque
1386 3358 1414 3411 in

360 3483 433 3536 aqua
444 3473 548 3518 tantum
566 3463 692 3535 baptizat,
707 3480 757 3515 nee
779 3462 874 3515 vulnus
895 3463 1030 3534 originalis
1048 3467 1151 3536 peccati
1172 3478 1256 3523 sanat.
1293 3472 1414 3527 Christus

362 3588 444 3641 Jcsus
456 3586 484 3639 in
496 3586 595 3656 Spiritu
605 3584 701 3655 judicii
720 3592 748 3637 et
768 3583 862 3664 spiritu
884 3583 985 3637 ardoris
999 3594 1026 3639 et
1047 3586 1145 3640 coelum
1164 3598 1271 3645 reserat.
1307 3591 1412 3659 Omnia,

363 3702 451 3773 inquit
476 3700 617 3771 apostolus,
636 3698 800 3753 mundantur
818 3699 845 3751 in
865 3701 1002 3770 sanguine,
1022 3709 1049 3754 et
1066 3720 1120 3755 non
1138 3704 1169 3757 fit
1185 3706 1304 3759 remissio
1322 3708 1414 3763 nisiin

361 3823 501 3893 sanguine.
534 3822 577 3873 Ne
604 3820 693 3890 itaque
711 3820 898 3873 vestimentum
914 3822 1027 3874 mixtum
1046 3825 1174 3894 sanguine
1193 3826 1227 3879 sit
1244 3827 1272 3881 in
1292 3830 1412 3885 combus-

362 3944 462 3997 tionem
478 3949 585 4013 propter
595 3940 698 4011 peccati
709 3940 953 4009 transgressionem,
965 3942 1082 3995 Christus
1101 3945 1197 4014 septies
1212 3956 1304 4001 eontra
1316 3951 1407 4031 velum

362 4063 504 4117 sanctuarii
523 4061 633 4133 proprio
651 4060 734 4130 digito
751 4078 828 4113 suum
846 4061 957 4130 aspersit
975 4063 1130 4132 sanguinem
1149 4065 1183 4117 ad
1194 4068 1411 4125 emundationem

361 4185 503 4239 criminum
518 4192 676 4235 nostrorum.
715 4182 774 4234 Hoc
801 4199 848 4235 nos
870 4180 959 4233 docuit
977 4200 1045 4235 unus
1063 4184 1187 4255 magister
1205 4196 1294 4241 noster
1320 4190 1412 4259 quiin
