3100 5192
295 458 300 467 ι
331 428 364 477 88
769 419 802 472 G.
824 419 944 471 Auernis

328 578 381 631 mei
393 578 420 631 id
433 576 616 648 persuaserim,
625 595 679 631 non
689 596 749 632 mee
757 586 849 633 tamen
859 578 1068 651 praesumptione
1077 576 1125 630 sed
1134 576 1243 630 alteriue
1253 576 1383 629 suasione.

330 696 510 767 Nequiquam
521 705 612 750 temen
626 695 743 751 diffieilis
755 698 791 751 ed
802 697 1016 769 persuadendum
1028 696 1120 751 extiti:
1138 694 1216 748 saniei
1228 703 1324 749 vestroe
1334 712 1387 749 ser·

330 815 417 869 monis
428 822 456 869 et
467 816 546 868 totius
558 824 649 885 gestus
662 816 779 887 insignia
790 833 871 887 penes
885 834 927 871 me
939 816 1065 879 reinone,
1079 832 1128 869 nec
1141 830 1184 869 me
1195 815 1223 867 in
1235 814 1385 869 humilitate

330 934 443 988 similem
455 934 582 1005 reperisse
594 934 628 988 ds
638 934 701 989 liliis
711 935 851 991 bominum
864 935 1017 1005 conjiciens.
1054 934 1116 989 Nou
1130 934 1153 987 ei
1177 928 1259 1004 igitur
1275 933 1390 989 scribere

331 1070 431 1118 vereor,
445 1070 525 1123 quem
538 1054 590 1106 uisi
600 1053 680 1109 melis
691 1062 718 1107 et
728 1054 850 1126 superbis
862 1054 1010 1109 verendum
1022 1071 1077 1107 uon
1088 1070 1154 1110 reor.

367 1172 403 1227 Bt
413 1171 448 1227 de
459 1171 503 1227 his
511 1171 648 1226 hacteuus.
684 1173 816 1227 Caeterum
826 1172 928 1243 oulpnri
937 1187 991 1226 non
1001 1172 1181 1227 debetservus
1189 1171 1386 1243 desoutemptu

329 1292 458 1357 mundati,
471 1294 547 1363 eujus
558 1301 672 1347 memet
684 1292 807 1347 uoluntas
819 1292 893 1347 nullo
917 1292 1081 1363 negligentia
1092 1293 1276 1347 revumtureb
1294 1292 1387 1364 imple-

331 1414 404 1469 tione
415 1414 561 1468 voluntstir
573 1413 696 1468 Domini.

368 1532 411 1586 Ex
422 1540 510 1586 vestre
519 1532 675 1603 dignatione
686 1532 715 1585 in
727 1532 855 1589 mundato
866 1534 900 1587 ab
913 1550 984 1587 enno
996 1534 1131 1604 praeterito
1142 1534 1244 1605 occepi,
1262 1532 1388 1605 quatinus

333 1652 533 1707 Certbusienses
544 1654 640 1707 fratres
660 1662 822 1724 expeterem,
841 1662 867 1707 et
884 1652 918 1707 de
933 1652 1092 1709 maturando
1109 1654 1217 1724 negotio
1232 1660 1322 1707 vestm
1336 1671 1381 1717 eos

334 1773 597 1827 commonefacerem.
633 1774 700 1826 Erat
709 1781 799 1826 entem
809 1773 954 1843 negotium,
968 1773 1037 1825 siem
1053 1772 1134 1838 scitis,
1148 1772 1275 1842 qust'mus
1287 1772 1324 1826 ed
1339 1790 1388 1825 vos

316 1866 321 1873 ⁸
334 1890 483 1943 mitteretur
493 1891 575 1945 freter
588 1891 718 1961 Rogerius
730 1892 765 1945 ed
776 1890 865 1944 losum
878 1891 965 1945 ordini
977 1891 1083 1945 illorum
1101 1892 1130 1945 in
1149 1891 1239 1962 partib
1244 1906 1277 1944 us
1293 1891 1388 1945 ventris

334 2010 542 2081 perquirendum
553 2020 581 2065 et
591 2012 805 2083 propemodum.
842 2012 1017 2084 Dispusnernt
1028 2028 1144 2081 nemque
1156 2011 1183 2065 in
1200 2012 1289 2065 enimn
1302 2018 1389 2066 vestre

335 2128 417 2200 plene
427 2139 454 2183 et
465 2131 584 2201 perfeeto
595 2132 715 2185 canutio
724 2132 819 2187 offusio
829 2149 900 2185 nom
908 2132 1060 2196 eenrinerin,
1069 2129 1102 2183 de
1111 2131 1184 2183 omni
1194 2148 1294 2201 genere
1301 2148 1389 2185 seero-

335 2263 394 2301 rum
406 2248 530 2303 ordinum
543 2249 675 2302 seminare
685 2250 851 2319 provinciam
864 2250 939 2302 vobis
951 2266 967 2302 n
980 2249 1038 2303 Deo
1051 2250 1228 2315 commissum,
1240 2256 1271 2301 ut
1291 2248 1388 2303 exinde

336 2367 438 2421 fruetus
451 2367 498 2439 qni
510 2376 668 2438 permanent
679 2368 707 2421 in
720 2378 840 2423 eternum
854 2369 1029 2441 susciperetis,
1037 2376 1064 2422 et
1073 2370 1225 2439 manipulos
1231 2369 1345 2441 justitim
1355 2368 1389 2423 de

332 2487 470 2541 laboribus
483 2506 575 2541 eorum
586 2488 622 2541 nl
634 2496 727 2543 eterne
742 2489 914 2543 tabernacula
931 2490 1112 2559 reportaretis.
1148 2487 1166 2541 J
1168 2506 1211 2543 om
1227 2506 1282 2543 non
1300 2489 1386 2543 solum

333 2604 364 2658 in
381 2607 500 2671 herbam,
513 2607 559 2661 sed
577 2608 649 2661 etin
668 2610 763 2679 spiens,
777 2609 959 2663 Cisteroiensis
976 2608 1032 2661 sive
1052 2607 1249 2661 Clarivallensis
1268 2607 1334 2661 ordo
1350 2607 1387 2661 ibi
1418 2647 1422 2653 =

334 2726 554 2797 multiplicatione
562 2724 689 2789 excrevit,
697 2724 872 2779 nihilominus
880 2733 907 2778 et
919 2725 1014 2795 religio
1022 2724 1290 2779 Praemonslretensis.
1318 2725 1389 2786 Quis

335 2844 418 2914 igitur
428 2844 546 2913 gustavit
557 2852 584 2897 et
595 2843 662 2896 vidit
672 2842 814 2914 prudentie
831 2851 918 2896 vestra
934 2842 1007 2913 quod
1027 2843 1098 2896 bone
1115 2845 1149 2897 sit
1164 2844 1308 2915 negotiatio
1329 2845 1387 2910 iste,

337 2966 373 3020 ed
385 2964 512 3020 ulteriore
523 2982 633 3018 menum
650 2964 813 3036 porrexistis,
828 2972 854 3018 et
870 2962 903 3017 de
921 2963 968 3017 illo
983 2963 1074 3017 ordine
1093 2964 1146 3033 qui,
1161 2964 1236 3035 quasi
1253 2966 1389 3019 Cherubin

335 3086 391 3140 sive
398 3082 571 3156 Seraphimin
578 3083 824 3139 mediatoresidenti
832 3083 957 3153 agno,qul
966 3082 1143 3137 hebetocnlos
1151 3090 1251 3153 septem
1260 3090 1390 3145 etoomun

335 3211 437 3274 septem
452 3202 480 3254 in
501 3201 597 3257 tinum
613 3201 708 3271 gratioe
729 3200 869 3265 eoeedunt,
886 3217 967 3271 genes
986 3207 1086 3254 vestras
1107 3218 1238 3255 exornme
1260 3202 1389 3255 voluistis.

338 3322 408 3373 Eece
419 3322 520 3373 loetum
533 3328 572 3371 ert
584 3328 615 3371 ut
624 3318 783 3387 imper-netis.
820 3318 964 3387 Aequieeit
975 3327 1082 3373 senetur
1094 3320 1323 3373 Camhueiensium
1340 3321 1393 3373 frn-

337 3447 409 3492 trum
417 3444 567 3490 conventus
575 3437 654 3509 justis
666 3435 838 3507 petitionibus
851 3437 953 3490 vestris.
990 3436 1123 3508 Equidem
1138 3456 1179 3491 res
1191 3439 1334 3510 impetrem
1342 3438 1392 3492 dir-

289 3558 293 3563 ’
338 3556 433 3621 fieilis;
453 3556 501 3609 red
520 3557 580 3627 quis
589 3555 665 3610 vobis
673 3564 783 3625 negaret
792 3555 864 3626 quod
875 3554 942 3609 sorte
951 3555 1062 3627 Spiritus
1071 3556 1183 3609 Sanetus
1190 3556 1217 3609 in
1225 3564 1318 3609 saneto
1325 3564 1391 3611 tem-

337 3676 383 3748 plo
394 3694 443 3730 suo
463 3676 640 3747 suggerebat!
652 3675 729 3727 Certe
740 3692 792 3728 nee
800 3674 839 3728 illi
849 3691 899 3729 nec
908 3693 959 3729 noo
968 3676 1115 3729 diffidimus
1125 3692 1231 3731 servum
1239 3692 1317 3729 suum
1327 3672 1392 3730 dde-

335 3795 467 3849 lissimum
478 3803 505 3848 et
516 3792 633 3848 amioum
646 3790 756 3846 Domini
768 3810 816 3861 vor
828 3793 970 3864 possidere,
980 3794 1162 3865 cujusfemnm
1173 3803 1200 3848 et
1211 3794 1391 3865 operationem

337 3913 564 3984 praeelerissimam
576 3912 704 3967 reclamet
715 3911 838 3966 mundns.

378 4033 457 4092 Quod
470 4032 586 4102 cupistis
603 4040 657 4085 tam
675 4032 761 4096 avide,
776 4040 803 4085 et
819 4040 873 4085 tam
890 4040 988 4096 sancte,
1004 4040 1110 4102 temque
1126 4032 1241 4102 quodem
1257 4032 1337 4086 modo
1354 4032 1394 4085 in·
