3100 5192
315 639 349 688 20
794 652 819 687 o.
857 650 971 688 ssssrrs

381 772 468 828 Miror
485 791 531 827 vos
555 773 690 845 scripsisse
715 773 871 826 destitutum
890 774 974 846 patris
1002 773 1086 826 nostri
1116 773 1281 827 sanctissimi
1308 774 1374 828 Rer-

314 893 391 947 nardi
403 894 505 959 solatio,
520 911 602 964 quum
624 903 716 947 sancta
741 896 798 966 ejus
822 894 912 947 anima
935 895 1049 947 nexibus
1073 893 1198 964 expedita
1226 895 1372 948 mortalita·

316 1016 357 1077 tis,
384 1032 438 1068 non
461 1016 586 1080 caritatis,
613 1015 788 1086 corruptionis
811 1033 866 1068 non
890 1014 1047 1080 affectionis,
1060 1015 1225 1068 necessitatis
1243 1033 1297 1068 non
1316 1017 1373 1068 vol-

319 1135 427 1200 untatis,
448 1135 557 1189 liberius
576 1152 652 1187 aures
670 1152 743 1188 nunc
761 1135 878 1205 appellet
894 1135 1005 1204 piissimi
1024 1135 1167 1188 oonditoris
1184 1153 1233 1206 pro
1258 1137 1371 1188 necessi-
1450 1131 1452 1134 ’

320 1255 418 1308 tatibus
430 1255 523 1325 poprdi
536 1254 584 1306 sui.
621 1255 685 1307 Non
706 1253 771 1307 mibi
785 1254 924 1324 contingat
941 1254 975 1308 de
996 1254 1083 1324 gratia
1094 1253 1178 1324 ipsius
1191 1254 1323 1319 diffidere,
1337 1255 1370 1308 ds

320 1375 483 1428 orationibus
512 1376 569 1446 ejus
607 1374 755 1445 desperare.
812 1375 903 1428 Nimio
921 1375 1060 1427 vobiscum
1071 1374 1199 1445 loquendi
1217 1383 1306 1428 tentus
1327 1375 1372 1428 de-

315 1495 412 1551 siderio
432 1495 476 1548 vix
502 1494 586 1548 linem
604 1494 680 1547 facio.
717 1495 805 1554 Quem
823 1494 895 1548 enim
912 1495 969 1547 sine
986 1495 1042 1547 line
1066 1494 1157 1564 diligo,
1176 1512 1315 1564 nunquam
1332 1513 1373 1548 sa-

318 1616 352 1668 tis
377 1615 401 1668 ei
425 1615 547 1680 scribere,
569 1632 708 1685 nunquam
729 1614 793 1668 satis
809 1613 884 1684 loqui
904 1614 990 1667 valeo.

681 2108 707 2157 4.
745 2105 867 2157 EIDEM
900 2105 1006 2157 IDEM.

320 2343 446 2438 nullius
464 2369 590 2442 ponderis
609 2387 665 2423 esse
683 2371 759 2424 norit
781 2370 810 2423 in
822 2389 885 2424 vera
904 2371 1046 2425 dilectione
1058 2373 1355 2444 verbavaouaetpom-

317 2509 390 2564 posa,
411 2491 456 2563 qui
474 2490 590 2544 caritatis
608 2491 753 2545 medullam
771 2491 815 2545 vel
832 2492 913 2545 semel
932 2493 1089 2563 degiutavit.
1127 2493 1236 2547 Vanum
1254 2504 1325 2548 certe
1343 2505 1369 2548 et

318 2611 483 2685 abjiciendae
501 2612 676 2666 simulationis
693 2620 796 2683 reputo,
816 2613 911 2666 amoris
930 2613 1061 2666 elementa
1086 2614 1203 2684 quotidie
1221 2615 1368 2686 replicare;

316 2751 350 2788 ex
375 2751 428 2802 quo
445 2732 561 2792 fideliter
581 2740 607 2784 ct
627 2731 743 2784 firmiter
760 2732 894 2786 radicibus
912 2732 999 2785 cordis
1017 2732 1169 2788 inhaeserit.
1225 2735 1371 2788 Metuentis

318 2869 425 2924 quoquc
443 2861 489 2905 aut
506 2851 654 2905 diffidentis
684 2860 733 2917 est,
761 2853 843 2905 semel
870 2861 949 2906 natos
979 2870 1081 2907 amores
1110 2856 1277 2909 sermonibus
1306 2857 1374 2912 velle

317 2967 454 3038 renovare,
474 2972 550 3042 quasi
567 2980 685 3026 venatos
711 2970 837 3043 temporis
868 2970 951 3025 soleat
979 2990 1056 3026 veros
1086 2973 1199 3028 affectus
1223 2976 1371 3047 antiquare.

316 3093 379 3148 Non
398 3103 442 3166 est
454 3093 577 3164 imaginis
596 3093 647 3146 Dei
665 3093 698 3146 ab
716 3092 830 3163 inceptis
848 3092 969 3146 delicere:
989 3111 1043 3146 non
1062 3101 1102 3146 est
1113 3094 1216 3148 virtutis
1231 3096 1379 3157 ,vacillaret

316 3229 371 3266 non
396 3221 435 3265 est
452 3212 512 3264 solii
530 3211 630 3282 gloriae
649 3211 701 3264 Dei
713 3211 746 3264 in
765 3211 900 3264 diversum
925 3220 1081 3266 revertere.
1107 3214 1208 3267 Annon
1229 3215 1319 3268 anima
1336 3216 1371 3270 od

316 3327 460 3399 imaginem
479 3327 539 3394 Dei,
558 3346 592 3380 an
611 3345 665 3380 non
684 3327 780 3380 caritas
808 3325 892 3379 virtus
922 3327 974 3381 Dei
1005 3330 1064 3382 esti
1093 3347 1128 3382 an
1146 3348 1200 3383 non
1218 3348 1286 3402 pura
1311 3349 1377 3386 oon-

316 3447 428 3502 scientia
445 3447 556 3502 thronus
576 3447 628 3501 Dei
647 3455 673 3501 et
695 3429 770 3500 sedes
788 3445 895 3500 divinae
919 3448 1085 3520 majestatis?
1097 3448 1136 3502 Ut
1151 3467 1214 3520 ergo
1238 3451 1311 3504 filisu
1329 3453 1375 3522 qui

233 3635 235 3643 γ
317 3578 357 3626 est
385 3569 474 3640 imago
502 3569 593 3640 patris,
625 3586 693 3640 quae
712 3567 813 3620 creavit
838 3568 929 3633 semel,
961 3575 1067 3639 semper
1091 3571 1225 3639 gubernat
1247 3578 1275 3624 et
1290 3572 1366 3642 regit,

239 3759 245 3774 ι
315 3697 399 3760 utque
418 3689 501 3742 virtus
519 3687 647 3753 altissimi,
667 3705 735 3759 quae
755 3696 887 3757 operatur,
895 3687 1039 3741 confirmat
1051 3696 1078 3741 et
1088 3689 1203 3759 perlicit,
1216 3708 1250 3742 ao
1261 3690 1377 3761 denique

319 3806 571 3861 incommutabiliter
588 3814 678 3860 manet
690 3806 983 3860 incommutabilis'Dei
1001 3806 1081 3870 sessio
1094 3807 1257 3873 eternitatis;
1273 3809 1314 3862 ‘sio
1333 3828 1375 3864 rs·

315 3927 404 3982 dicata
429 3898 525 3984 caritas
556 3936 582 3981 et
599 3927 712 3983 fundata
729 3925 763 3980 de
781 3927 861 3981 corde
878 3945 945 3998 puro
963 3935 991 3980 et
1008 3926 1174 3980 conscientia
1190 3927 1263 3981 bona
1281 3909 1373 3983 attide

315 4065 369 4101 non
378 4047 443 4100 licta
455 4047 560 4118 ignorat
573 4063 706 4114 occasum,
720 4046 916 4119 corruptionem
928 4046 1104 4111 obumbrabit,
1118 4055 1232 4101 mortem
1244 4065 1299 4101 non
1311 4065 1372 4118 gus-

316 4177 355 4222 tat
376 4169 404 4222 in
429 4177 559 4224 eternum,
597 4168 673 4225 Haeo
691 4167 796 4234 interno
814 4167 926 4239 coagulo
944 4185 993 4221 suo
1010 4169 1150 4239 conjunxit
1167 4177 1272 4228 nostros
1284 4167 1319 4221 ad
1330 4168 1371 4225 iu-
