3100 5192
351 487 384 536 04
789 488 823 539 G.
845 489 967 540 Asnnrrs

345 638 468 703 Domine,
479 639 544 708 quia
562 639 642 692 horno
660 649 788 711 peccator
799 660 867 696 sum.
904 643 929 694 0
941 643 1045 715 quoties
1058 661 1155 714 sponsa
1166 643 1201 696 ad
1218 663 1347 715 sponsum
1360 666 1407 700 ex—

345 760 435 824 currit,
457 769 511 826 aut,
525 770 554 814 ut
572 762 659 815 verius
684 762 783 828 dicam,
803 781 831 816 se
856 764 941 834 ipsam
968 773 995 818 et
1021 782 1099 818 omne
1125 765 1198 836 quod
1216 776 1337 822 creatum
1356 780 1405 835 est,

343 898 400 951 prae
419 899 508 934 amore
527 883 617 953 sponsi
634 883 748 938 excedit.
786 886 1029 956 Quantumcunque
1042 887 1114 940 enim
1126 887 1170 940 vel
1188 887 1222 940 de
1240 907 1340 960 sponso
1358 894 1402 946 vel

345 1001 380 1054 ad
398 1021 525 1074 sponsum
537 1003 664 1074 loquitur,
684 1023 731 1076 per
748 1006 883 1058 excelsum
900 1008 1065 1061 transvolare
1083 1008 1196 1064 videtur.
1234 1011 1294 1065 Hcs
1313 1015 1402 1067 saltus

344 1123 400 1176 sive
415 1141 539 1178 excessus
552 1144 605 1178 non
617 1128 700 1191 novit,
715 1128 766 1180 nisi
786 1128 833 1198 qui
853 1129 1017 1199 experientia
1034 1129 1135 1184 didicit.
1172 1133 1348 1205 Quapropter
1368 1136 1403 1188 de

343 1243 384 1295 his
396 1245 461 1296 mihi
474 1245 579 1315 parcius
600 1246 773 1317 loquendum,
789 1250 864 1302 vobis
882 1250 1008 1304 idoneum
1021 1261 1062 1305 est
1071 1253 1152 1306 latius
1164 1262 1192 1308 et
1201 1255 1303 1326 largius
1315 1275 1397 1328 agen-

342 1363 414 1429 dum,
429 1365 610 1437 potiusquam
625 1368 816 1424 disserendum.
854 1373 963 1427 Valete!
977 1374 1065 1433 Quam
1077 1375 1156 1430 citius
1177 1384 1269 1448 potero
1289 1380 1395 1432 veniam

344 1483 441 1539 advos.

533 1965 576 2014 28.
608 1963 770 2018 GRATIAS
788 1967 881 2020 AGIT
899 1969 970 2024 PRO
989 1972 1198 2033 BENEFICIO.

373 2076 488 2132 Donrno
502 2098 684 2135 nantoacensi
699 2102 803 2138 unsrun
817 2087 852 2140 G.
866 2105 931 2141 suus
943 2108 1050 2145 senemr
1065 2111 1189 2150 snournn
1201 2130 1237 2140 —
1249 2103 1313 2157 Plus
1327 2109 1388 2161 satis

337 2215 421 2266 egena
434 2207 474 2250 est
486 2201 675 2255 beneficiorum
682 2206 839 2271 recordatio,
852 2209 927 2281 cujus
939 2213 1031 2267 titulus
1038 2216 1191 2275 inscribitur
1202 2224 1298 2280 saltem
1310 2231 1389 2283 verbo

335 2326 412 2370 tenus
432 2319 577 2389 gratiarum
599 2323 676 2376 actio.
724 2325 838 2380 Proinde
865 2332 934 2402 stylo
954 2334 1039 2391 ferreo
1058 2339 1086 2391 iu
1105 2359 1196 2415 ungue
1217 2349 1389 2410 adamantino

334 2439 474 2509 profundae
487 2444 621 2498 memoriae
635 2447 761 2501 mandavi
773 2451 925 2523 manipulos
935 2454 1065 2514 libertatis
1077 2473 1175 2520 nostrae
1188 2479 1219 2522 ut
1230 2473 1304 2527 nullo
1317 2480 1387 2549 capi-

333 2561 367 2613 tis
380 2563 510 2634 veitigine
530 2565 662 2633 vacillare,
676 2569 751 2622 nullo
771 2575 924 2643 temporalis
942 2580 1113 2637 revolutionis
1133 2586 1233 2644 diluvio
1243 2595 1384 2664 absorberi,

333 2685 408 2736 nulla
421 2686 535 2757 denique
549 2689 690 2742 oblivionis
702 2693 825 2763 rubigine
837 2697 944 2751 valeant
955 2701 1097 2759 obfuscari.
1134 2709 1242 2765 Clarum
1254 2733 1354 2772 novum
1361 2731 1388 2775 et

331 2820 425 2855 recens
445 2823 527 2874 penes
548 2825 590 2860 me
603 2810 704 2861 retineo
725 2829 829 2884 semper
849 2816 1009 2875 beneficium
1029 2839 1176 2900 acceptum.
1216 2837 1276 2894 Quo
1296 2842 1385 2898 animo

330 2923 462 2994 gratiosus
475 2943 557 2995 quum
579 2929 698 3000 accipere
718 2932 867 2992 inclinabat
878 2941 906 2993 in
926 2940 981 2995 dati
993 2953 1021 2997 et
1041 2947 1129 3003 dantis
1150 2951 1327 3027 devotionem,
1351 2985 1382 3019 eo

330 3044 405 3097 nulla
417 3048 578 3101 senescentis
590 3051 682 3120 gloriae
696 3053 872 3112 defoeoatione
885 3069 986 3118 mutato
997 3067 1131 3124 robustius
1144 3078 1250 3147 proprio
1262 3081 1297 3134 ad
1310 3086 1383 3140 obse·

332 3174 424 3244 quium
438 3176 526 3228 verius
540 3175 671 3245 eliquesco
684 3179 711 3231 in
725 3199 841 3236 amorem
851 3186 1026 3245 benefactoris
1036 3204 1120 3250 totum
1130 3203 1212 3257 animi
1225 3208 1381 3268 balsamum.

330 3293 526 3362 Superaccessit
539 3294 610 3346 dono
624 3305 712 3350 vestro
729 3302 819 3355 vultus
837 3304 938 3372 hilaris,
953 3313 1055 3369 animus
1067 3330 1167 3389 gratus,
1181 3329 1275 3382 modus
1288 3332 1382 3388 hones-

327 3420 370 3464 tus
383 3422 409 3464 et
422 3431 515 3466 manus
529 3415 637 3485 quidem
649 3417 725 3488 larga
734 3421 762 3474 in
775 3423 933 3480 beneficium
947 3439 1030 3488 totam
1042 3457 1070 3490 se
1080 3446 1216 3513 expandit,
1228 3454 1275 3504 sed
1288 3455 1380 3509 volun-

326 3535 406 3588 tasin
421 3536 622 3597 circumstantiis
636 3541 699 3595 doni
712 3563 738 3599 se
752 3563 831 3620 super
842 3555 1013 3609 mensuravit.
1050 3563 1121 3620 Quid
1134 3569 1205 3622 enim
1221 3569 1272 3626 luit
1284 3594 1379 3630 convo

326 3677 386 3712 care
396 3659 570 3718 dioeoesianos
583 3667 692 3721 abbates
703 3679 729 3721 et
736 3672 855 3740 priores?
869 3677 934 3746 quid
942 3678 1037 3733 iterum
1041 3685 1137 3754 judicii
1147 3693 1243 3746 amoris
1253 3701 1382 3767 expressit

325 3786 380 3831 tam
405 3783 522 3853 benigna
539 3804 660 3855 personae
679 3797 706 3841 et
725 3795 824 3862 negotii
842 3801 924 3852 nostri
943 3807 1157 3863 commendatio?
1174 3815 1241 3872 Quis
1258 3835 1312 3871 non
1338 3833 1377 3875 est

325 3897 470 3952 admiratus
483 3910 538 3954 tam
550 3903 701 3974 despectam
709 3927 851 3979 personam
864 3935 881 3970 a
892 3918 973 3974 fratre
986 3926 1055 3994 regis
1065 3929 1103 3981 sic
1116 3931 1248 4002 honorari,
1263 3940 1297 3992 ab
1310 3942 1376 4012 epis·

324 4038 390 4091 copo
403 4020 570 4078 Belluacensi
592 4027 629 4080 sic
651 4033 785 4102 nrnpleoti,
799 4053 816 4087 a
836 4043 910 4094 tanto
932 4043 1039 4101 homine
1059 4053 1193 4108 tantillum
1215 4061 1376 4114 monachum

323 4143 360 4196 sic
379 4145 529 4199 nominari?
547 4150 608 4202 Non
631 4154 745 4208 sustinui
759 4176 820 4228 quae
841 4160 874 4214 de
897 4183 939 4219 me
959 4186 1038 4238 supra
1058 4191 1101 4225 me
1120 4177 1300 4234 efferebantur
1319 4202 1375 4252 praa
