3100 5192
333 500 383 550 1⁰2
772 501 807 554 G.
824 503 946 556 Αιιιιιι

331 650 426 721 spiritu
437 649 589 706 vehementi
601 652 731 718 offendor,
745 653 793 708 sed
810 671 859 708 nec
877 654 983 726 penitus
995 655 1118 708 assentio.
1154 655 1226 708 Nam
1245 655 1335 710 anima
1352 666 1385 710 ei

331 771 434 825 unitate
454 771 597 825 immortali
613 780 640 826 et
658 773 843 839 indissolubili,
861 778 929 829 sicut
940 783 967 829 ιι
979 775 1061 841 Deus,
1073 791 1121 830 suo
1142 775 1272 847 singulari
1290 784 1317 830 et
1333 777 1383 831 alio

331 889 413 944 modo
429 891 586 946 immortalis
604 900 645 946 est
662 899 690 946 et
705 891 906 960 indissolubilis,
924 885 962 948 'ei
968 893 1060 949 -nihilo
1078 901 1167 948 creata
1184 911 1240 948 esse
1259 895 1383 951 creditur.-

332 1008 438 1064 ldoirco
448 1027 567 1082 namque
578 1011 616 1067 ad
626 1011 772 1082 imaginem
784 1020 811 1067 et
820 1012 1021 1066 similitudinem
1034 1031 1109 1066 suam
1121 1013 1222 1067 crearit
1231 1031 1291 1093 earn
1302 1014 1384 1068 Dens,

331 1129 384 1183 Per
395 1128 447 1184 hoc
464 1130 555 1196 etiam,
567 1132 640 1202 quod
655 1149 704 1202 per
721 1150 814 1186 omnes
832 1133 976 1204 particulas
995 1134 1113 1204 corporis
1130 1141 1188 1187 tots
1205 1135 1284 1188 simul
1302 1135 1385 1200 adest,

331 1265 382 1302 nec
393 1249 483 1303 minor
493 1249 523 1303 in
534 1250 689 1314 minoribus,
701 1268 753 1303 nec
764 1250 793 1303 in
806 1249 949 1323 majoribus
961 1253 1054 1323 major,
1068 1252 1115 1305 sed
1125 1261 1224 1319 tamen,
1235 1263 1267 1306 ut
1278 1255 1388 1324 Augus-

332 1367 405 1422 tinus
434 1376 557 1434 testatnr,
583 1369 613 1422 in
642 1369 702 1423 aliis
723 1370 860 1441 intentius,
885 1371 915 1423 in
936 1371 995 1424 aliis
1017 1371 1161 1436 remissius,
1187 1372 1301 1425 effectus
1325 1390 1387 1425 suos

333 1495 449 1553 exercet,
468 1506 552 1558 quam
568 1489 596 1542 in
614 1489 726 1560 singulis
740 1483 878 1560 particulis
895 1487 1013 1560 corporis
1030 1489 1206 1543 essentialiter
1223 1491 1266 1555 sit,
1283 1491 1387 1544 unitate

332 1608 419 1678 magis
430 1625 512 1680 quam
526 1607 694 1681 simplicitate
704 1583 1014 1680 obnoxiasporpenditm.
1051 1609 1145 1663 Omnis
1164 1609 1236 1663 enim
1254 1627 1306 1674 res,
1325 1609 1387 1663 sim-

332 1727 438 1797 pliciter
447 1727 570 1798 simplex,
581 1745 638 1782 una
648 1735 840 1782 etunnmestr
856 1697 920 1781 'non
938 1734 1036 1794 sutem,
1051 1726 1075 1780 si
1088 1743 1152 1793 una,
1171 1728 1261 1781 statim
1279 1736 1308 1782 et
1325 1729 1388 1783 sim·

332 1849 406 1920 plex.
451 1848 531 1918 Upde
549 1850 648 1905 dicitur
664 1851 741 1905 Deus
757 1851 881 1923 simplex,
897 1835 952 1906 non
972 1851 1008 1905 ab
1025 1850 1106 1917 aliud,
1123 1858 1190 1906 teste
1207 1848 1320 1918 Isidoro,
1337 1851 1389 1906 nisi

337 1972 401 2044 qaia
411 1990 468 2028 non
480 1982 521 2028 est
537 1973 611 2028 aliud
629 1974 696 2046 ipse,
706 1981 734 2028 ιι
750 1973 825 2028 aliud
842 1973 913 2046 quod
930 1973 959 2026 in
976 1973 1034 2045 ipso
1051 1981 1099 2028 est.
1136 1973 1206 2028 Rem
1223 1991 1289 2029 vero
1306 1991 1388 2027 unam

334 2091 521 2147 convenientia
532 2092 586 2147 duo
602 2091 690 2158 simul,
703 2092 746 2146 vel
763 2090 849 2165 plura,
863 2091 1008 2164 aliqnando
1024 2092 1128 2146 iaciunt
1142 2100 1174 2146 ιιι
1189 2110 1274 2146 unum
1292 2111 1388 2164 corpus

333 2229 369 2266 ex
386 2220 501 2283 quatuor
518 2221 645 2268 constans
661 2211 810 2268 elementis.
846 2211 946 2266 Anima
962 2211 1053 2282 itaque
1077 2211 1200 2282 quemvis
1224 2211 1388 2266 diversamur

334 2333 547 2404 compactionem
559 2332 675 2404 partium
687 2334 716 2386 in
728 2333 770 2386 sui
783 2332 976 2387 confectionem
987 2349 1042 2387 non
1053 2331 1172 2404 recipiat,
1186 2333 1255 2387 sicut
1272 2332 1388 2405 denique

333 2451 609 2525 incomprehensibilis
621 2461 663 2507 est
672 2470 721 2524 pro
732 2450 775 2507 sui
793 2451 980 2517 immensitate,
993 2451 1063 2506 sicut
1077 2451 1159 2507 etiam
1179 2451 1321 2506 divisibilis
1338 2469 1388 2524 pro

335 2572 377 2627 sul
390 2571 572 2644 simplicitate,
585 2572 650 2644 quis
662 2581 752 2626 tamen
765 2571 839 2626 aliud
855 2571 913 2643 ipss
925 2579 952 2626 ιι
964 2570 1037 2625 aliud
1054 2570 1083 2625 in
1099 2571 1159 2643 ipsa
1177 2579 1225 2637 ιιι,
1242 2572 1392 2627 secundum*

334 2693 519 2748 auctoritatem
531 2693 679 2772 praelatam,
691 2693 782 2764 potius
794 2711 829 2747 ex
840 2693 941 2747 unitate
954 2711 1035 2764 quam
1045 2711 1080 2747 ex
1089 2691 1257 2766 simplicitate
1267 2693 1390 2765 congruit

336 2813 362 2866 ei
375 2828 441 2865 esse.
477 2811 625 2889 Hacetiam
635 2811 729 2864 eadem
737 2811 847 2866 rationis
857 2812 1081 2868 demonstratione
1093 2811 1167 2867 Dens
1179 2829 1213 2868 ex
1222 2812 1390 2885 simplicitate

335 2927 469 2982 dicoretur
479 2929 566 3000 magis
576 2929 692 3001 proprie,
703 2943 787 3000 quum
798 2942 868 3002 pene
880 2929 926 2996 nss,
940 2938 988 2984 aut
998 2947 1106 3002 prorsus
1122 2931 1170 2997 nil,
1184 2930 1218 2984 ds
1235 2949 1267 2985 eo
1283 2931 1387 2985 dicatur

335 3045 388 3100 nisi
399 3046 552 3119 improprie.
588 3046 660 3108 Quid
671 3046 742 3100 enim
756 3047 830 3119 quod
842 3047 940 3102 dicitur
951 3047 1027 3101 Deus
1043 3065 1078 3103 ex
1093 3047 1197 3103 unitate
1212 3049 1255 3103 sel
1272 3066 1307 3104 ex
1324 3048 1387 3103 sim-

336 3167 465 3240 plicitate,
477 3168 530 3222 nisi
542 3167 616 3221 Deus
628 3185 662 3220 ex
674 3167 743 3233 Deo,
757 3176 834 3239 pater
845 3167 947 3222 scilicet
958 3185 975 3221 a
988 3185 1015 3221 sc
1026 3167 1091 3239 ipso,
1100 3168 1171 3222 filius
1184 3186 1200 3222 a
1211 3177 1295 3240 patre,
1306 3168 1388 3240 Spiri-

335 3296 379 3340 tus
391 3286 505 3342 Sanctus
517 3295 620 3358 epatre
633 3294 660 3340 et
671 3287 746 3342 liliol
764 3289 810 3341 An
823 3286 937 3359 desipiat
947 3288 986 3342 ita
998 3288 1137 3360 quispiam,
1146 3296 1177 3342 ut
1184 3288 1386 3360 participatione

337 3403 514 3474 simplicitatis
526 3401 683 3473 simplicem,
695 3403 898 3476 participatione
909 3406 1019 3460 unitatis
1027 3424 1119 3473 unum,
1131 3406 1335 3478 participatione
1342 3407 1391 3460 bo·

334 3523 533 3578 nitatisbonum
544 3524 649 3579 estimet
662 3525 761 3590 Deam
771 3525 841 3580 sicut
853 3525 957 3598 sapiens
969 3527 1170 3599 participatione
1183 3527 1322 3599 sapientise
1331 3528 1388 3582 elfr-

336 3645 405 3700 citur
411 3645 492 3700 homo
499 3653 527 3699 ιι
535 3662 596 3699 cum
607 3644 768 3717 hujusmodi
806 3643 888 3705 Quod
896 3645 924 3698 in
935 3644 996 3699 Deo
1003 3655 1043 3700 est
1050 3647 1122 3702 Deus
1131 3654 1178 3700 ιιι.
1216 3646 1386 3718 Sapientiain

337 3764 397 3817 Deo
409 3773 457 3829 ιιι,
469 3773 496 3818 ιι
505 3765 580 3818 Ι)ιιιι
589 3764 720 3836 sapientia
732 3772 772 3818 est
785 3783 791 3816 :
805 3764 924 3835 potentia
931 3763 960 3817 in
970 3764 1028 3818 Deo
1041 3773 1080 3820 ιιι
1088 3774 1114 3820 ct
1123 3765 1197 3819 Deus
1206 3765 1325 3836 potentia
1332 3775 1389 3820 est:

335 3883 441 3936 bonitas
459 3883 487 3935 in
503 3883 562 3936 Deo
580 3891 622 3936 est
638 3891 666 3937 et
687 3883 763 3937 Deus
777 3883 883 3938 bonitas
901 3892 949 3938 est.
993 3886 1056 3941 Non
1074 3886 1160 3957 magis
1178 3903 1242 3957 ergo
1261 3886 1335 3940 Deus
1354 3905 1388 3941 ex

334 4001 437 4056 unitate
449 4018 530 4073 quam
542 4019 576 4055 ex
587 4000 766 4074 simplicitate.

370 4123 387 4176 J
389 4139 432 4176 am
445 4120 613 4178 extorsissem
624 4121 715 4192 digitis
727 4123 836 4194 stylum,
849 4132 876 4178 ιι
888 4123 925 4179 ori
938 4141 997 4178 meo
1009 4125 1181 4198 imperassem
1200 4124 1389 4197 tempestivum
