3100 5192
325 486 375 535 122
764 481 798 532 G.
819 482 940 533 Assssrs

319 640 454 712 tuguriola
464 646 553 692 nostra
565 638 655 708 fragor
675 638 720 690 flle
738 654 916 707 expensarum
928 646 954 690 et
977 638 1129 707 largitatum
1139 645 1246 691 tuarum
1265 638 1375 692 tinnitus

320 756 543 814 saos'remandat.
567 758 684 811 Tantum
700 765 788 809 autern
801 757 842 809 his
855 758 1093 811 commonefacere
1107 758 1177 811 volui
1186 758 1374 827 occupationes

321 889 380 933 tuas
400 898 443 933 ms
456 879 651 948 obtemperasse
672 879 699 934 in
712 877 753 929 bis
766 894 826 945 quae
840 876 983 945 aliquando
993 876 1086 949 jubere
1098 877 1205 930 voluisti
1224 896 1273 947 per
1285 878 1374 931 literas

320 1008 387 1063 tuas,
401 999 435 1054 ds
445 998 611 1051 sermonibus
623 998 747 1050 videlicet
757 997 953 1050 conseribendis
962 1006 988 1049 et
998 997 1184 1050 archidiacono
1193 998 1375 1050 transmitten-

321 1120 370 1173 dis.
395 1119 455 1172 1³1ae
466 1119 620 1172 modicitate
633 1136 681 1170 sua
694 1117 796 1170 nullum
802 1116 852 1168 tuit
861 1115 1024 1185 obsequium,
1035 1114 1082 1167 sed
1089 1132 1146 1185 prae
1156 1115 1254 1169 affectu
1261 1116 1376 1169 volentis

321 1256 375 1291 non
385 1238 488 1291 nullum
496 1237 666 1291 benetimum.
702 1236 809 1289 Effectu
821 1236 893 1289 enirn
902 1234 1039 1304 obsequia,
1049 1234 1148 1287 affectu
1159 1234 1300 1303 pensanda
1312 1244 1375 1288 sunt

318 1357 457 1411 bsnsfioia.
495 1356 536 1409 De
559 1356 602 1409 bis
625 1356 762 1409 haetenus.
810 1354 960 1424 Stephanus
984 1355 1033 1407 iste
1059 1354 1170 1408 alericus
1194 1354 1305 1423 quidem
1331 1363 1374 1408 est

321 1477 433 1531 comitis.

365 1839 410 1889 52.
446 1834 500 1887 sl)
518 1834 547 1887 Ρ.
565 1833 793 1887 MONACHUM‘
806 1832 967 1885 noawlc.
988 1834 1022 1887 G.
1042 1834 1067 1885 A
1086 1832 1240 1886 SCHOLIS
1259 1830 1329 1885 SIL-

735 1953 961 2009 VANEUI'ENS.

354 2074 468 2128 Fssrsa
490 2074 524 2126 G.
553 2091 658 2126 sacros
684 2091 846 2126 scsoasnors
869 2073 1082 2126 Srnvsnscrana
1108 2072 1138 2125 P.
1168 2090 1214 2125 rso.
1244 2073 1369 2127 Noram.

320 2209 449 2245 dl'lmlffl
464 2210 582 2246 SAWHS.

346 2299 385 2363 Ut
396 2311 502 2381 ignotus
510 2312 603 2381 ignoto
610 2311 759 2376 scriberem,
772 2311 803 2363 T.
814 2318 909 2376 vester,
925 2312 1008 2364 imino
1017 2319 1114 2377 noster,
1130 2311 1233 2382 rogavit
1249 2318 1275 2365 at
1286 2312 1370 2381 impe-

317 2431 406 2484 travit
443 2431 576 2503 injustum
588 2448 706 2500 namque
719 2438 788 2483 esset
800 2432 822 2483 si
836 2431 864 2483 in
879 2448 907 2483 re
924 2440 979 2483 tam
995 2432 1107 2484 honesta
1121 2439 1197 2501 pater
1210 2430 1296 2483 filium
1308 2447 1371 2483 eon·

317 2550 450 2605 funderet.
486 2551 557 2610 Quia
569 2550 650 2620 igitur
664 2550 736 2615 vitae,
747 2550 873 2615 seientia,
888 2558 914 2603 et
929 2550 1105 2620 professionis,
1118 2552 1246 2619 probatae,
1260 2548 1373 2619 profun-

317 2670 368 2733 dae,
382 2688 432 2723 neo
444 2672 544 2739 ignotas
558 2671 628 2734 estis,
640 2670 721 2740 pallio
733 2670 900 2725 verecundia
912 2671 1016 2723 vultum
1028 2671 1162 2724 abscondo
1179 2678 1206 2723 et
1218 2688 1310 2723 vocem
1323 2672 1370 2723 vix

315 2788 456 2839 tremulam
469 2790 569 2840 emitto.
608 2788 707 2845 Audite
718 2788 819 2857 itaque,
832 2788 853 2839 si
874 2789 970 2858 placet,
984 2790 1123 2843 veritatem
1138 2806 1192 2842 non
1212 2789 1366 2854 vanitatem,

317 2907 442 2977 pietatem
463 2924 517 2959 non
531 2907 680 2971 falsitatem,
696 2907 905 2960 admonitionem
924 2926 978 2961 non
999 2909 1187 2962 adulationem.
1225 2910 1285 2961 Soio
1305 2910 1368 2980 quia

315 3027 395 3080 unius
409 3027 460 3080 viri
472 3027 520 3079 filii
534 3045 633 3092 sumus,
646 3027 724 3079 unius
744 3027 844 3079 ordinis
865 3028 957 3097 regula
975 3028 1158 3094 informamur,
1172 3030 1199 3081 in
1222 3029 1301 3082 domo
1313 3046 1369 3082 una

318 3155 434 3199 vestrum
458 3147 492 3199 ab
511 3163 565 3199 uno
587 3147 754 3217 requirimus.
804 3148 972 3218 Quapropter
992 3148 1014 3199 si
1035 3148 1171 3213 trahimur,
1186 3149 1330 3213 trahamus,
1344 3150 1367 3202 si

315 3283 450 3328 vocamur,
464 3266 613 3328 invitemus,
628 3266 651 3317 si
664 3265 800 3329 currimus,
816 3283 919 3319 currere
933 3283 1097 3320 moneamus.
1134 3268 1187 3325 Qui
1199 3268 1280 3333 audit,
1293 3268 1365 3321 dioat

315 3383 394 3435 Veni.
432 3382 572 3446 Caetemm,
593 3382 614 3434 si
633 3381 707 3452 sequi
723 3380 865 3447 noluerint,
883 3382 988 3435 liberis
1007 3386 1190 3457 conjuratione
1204 3403 1258 3455 qua
1275 3388 1367 3459 conju-

313 3504 364 3557 rati
377 3520 468 3557 sumus
479 3503 548 3556 inter
560 3503 715 3556 innocentes
729 3520 823 3555 manus
836 3511 941 3556 nostras
949 3504 1105 3569 lavabimus,
1116 3514 1143 3559 et
1153 3507 1193 3559 sio
1208 3509 1241 3560 ab
1253 3507 1367 3560 introitu

312 3625 405 3693 gloriae
420 3623 471 3675 Dei
484 3622 671 3693 epulabimur?
689 3622 749 3674 Hoo
760 3622 821 3674 ideo
834 3622 954 3686 dixerim,
969 3622 1032 3693 quia
1042 3624 1070 3675 in
1088 3633 1187 3691 nostra,
1201 3626 1279 3679 oredo
1292 3628 1365 3697 quod

312 3752 339 3796 et
350 3744 379 3795 in
391 3751 479 3795 vestra
490 3743 583 3813 patria,
592 3751 622 3793 ut
634 3740 766 3804 monaehi,
775 3748 806 3793 ut
818 3758 884 3811 paee
896 3742 1000 3795 illorum
1013 3744 1108 3809 dicam,
1120 3745 1168 3797 aed
1180 3764 1214 3798 ex
1227 3747 1366 3800 monacbis

310 3879 391 3933 super
401 3878 542 3914 numerum
556 3860 732 3931 multiplicati,
744 3860 846 3913 nomini
861 3869 961 3927 sancto,
976 3863 1047 3931 quod
1065 3864 1217 3917 invocatum
1233 3872 1364 3936 estsuper

311 4000 365 4047 eos,
387 3981 575 4036 contumeliam
593 3980 703 4045 faciunt,
719 3980 783 4035 dum
797 3983 911 4052 turpiter
930 3982 1032 4047 vivunt,
1046 3983 1111 4036 dum
1131 3985 1239 4049 ventris,
1253 3984 1324 4054 gulae
1337 3994 1365 4039 et

309 4103 422 4157 luxuriae
432 4102 568 4157 desideriis
576 4121 604 4157 ss
614 4109 760 4172 exponunt,
772 4101 835 4155 dum
847 4119 941 4172 corpus
953 4119 1038 4167 suum,
1050 4103 1121 4173 quod
1130 4103 1182 4155 dici
1191 4104 1265 4159 noles
1274 4112 1322 4169 est,
1336 4112 1369 4161 at
