3100 5192
473 691 476 697 ·
503 665 661 720 Dsnvsusrs
679 683 825 720 sermons.

147 819 337 885 muniendum,
348 827 378 872 et
389 821 437 873 tibi
448 823 578 892 posthoc,
590 823 687 889 filimi,
699 824 770 877 ultra
782 823 846 895 quid
858 823 973 877 luciam?
998 821 1089 875 Habes
1102 839 1206 891 quoque

148 947 179 993 et
191 939 276 993 alium
287 957 335 1010 per
344 977 446 993 .........
455 949 584 1013 tanquam
595 942 668 996 aliud
680 943 914 997 commonitorium
927 943 998 1014 quod
1019 959 1100 1014 prope
1120 950 1159 994 est
1177 942 1205 994 in

150 1079 199 1114 ore
221 1061 294 1114 etin
314 1061 393 1114 corde
414 1069 460 1114 tuo
472 1099 539 1116 ......
555 1065 710 1120 unctionem
728 1065 836 1136 spiritus
858 1064 903 1135 qui
924 1065 1002 1118 docet
1020 1064 1053 1117 de
1074 1063 1205 1118 omnibus.

153 1181 250 1234 Habes
262 1182 421 1252 sapientiam
430 1201 491 1254 quae
503 1201 557 1237 non
567 1185 702 1239 invenitur
712 1186 741 1238 in
753 1193 824 1240 terra
835 1187 951 1240 suaviter
963 1185 1117 1250 viventium,
1131 1201 1211 1255 quam

151 1302 204 1356 filii
214 1303 290 1372 Agar
303 1320 355 1356 non
367 1303 516 1370 inveniunt,
538 1304 572 1358 de
591 1323 645 1375 qua
663 1305 880 1377 pbilosophorum
901 1306 1011 1377 abyssus
1022 1305 1140 1376 loquitur
1158 1322 1209 1358 nec

152 1431 195 1476 est
205 1440 328 1489 mecum3
352 1424 420 1495 Liga
432 1443 491 1479 eam
503 1426 532 1478 in
544 1427 623 1480 corde
636 1435 682 1480 tuo
689 1428 791 1499 jugiter
803 1447 851 1500 per
860 1447 977 1482 umorem
990 1428 1139 1481 describere
1148 1445 1208 1480 eam

152 1544 182 1595 in
192 1550 312 1614 tempore
319 1544 374 1608 otii,
383 1545 530 1615 tripliciter,
538 1547 833 1617 cogitando,loquendo,
842 1545 986 1618 operando,
995 1547 1112 1600 discurre
1120 1547 1207 1616 Scrip-

151 1672 273 1716 turarum
285 1665 481 1719 amoenissimos
492 1684 615 1737 campos:
628 1667 688 1737 lege
700 1675 828 1738 tanquam
841 1667 898 1738 apis
911 1674 938 1720 et
948 1666 1063 1720 reconde
1069 1665 1098 1718 in
1107 1665 1209 1718 alveolo

153 1785 293 1838 memoriae
312 1785 461 1838 suavissimi
480 1785 567 1839 odoris
587 1785 674 1852 flores,
696 1787 825 1840 castitatis
846 1786 939 1852 lilium,
963 1786 1061 1840 olivam
1081 1786 1205 1852 caritatis,

153 1905 292 1975 patientiae
303 1923 399 1970 rosam,
413 1923 478 1958 uvas
490 1906 668 1977 spiritualium
680 1907 878 1960 charismatum.
916 1907 1060 1961 Considera
1067 1907 1209 1978 diligenter

154 2047 217 2099 quae
230 2036 408 2098 apponuntur,
422 2028 486 2099 quia
498 2029 622 2099 quaedam
634 2029 668 2081 ad
681 2030 896 2094 consolationem,
911 2030 1035 2099 quaedam
1054 2027 1089 2081 ad
1109 2046 1209 2081 correc-

152 2149 257 2202 tionem
276 2156 344 2214 sunt,
357 2148 410 2202 alia
429 2148 464 2202 ad
485 2149 633 2215 sanitatem,
646 2149 699 2202 alia
718 2150 753 2203 ad
772 2150 927 2216 satietatem,
938 2150 990 2204 alia
999 2149 1034 2203 ad
1043 2149 1208 2202 suavitatem.

154 2270 222 2340 Spes
234 2269 336 2340 praemii
348 2269 469 2341 promissi
480 2277 637 2324 moerentem
650 2271 808 2337 consolatur,
823 2271 932 2340 corrigit
944 2269 1113 2324 comminatio
1125 2269 1209 2323 eterni

157 2389 291 2460 supplicii,
304 2389 482 2442 medicamine
494 2389 660 2461 poenitentiae
673 2399 801 2443 sanantur
810 2409 901 2444 omnes
908 2391 1058 2461 languores,
1069 2394 1209 2461 praescntis

153 2510 349 2583 justificationis
357 2510 486 2564 exultatio
494 2510 646 2563 famelicum
652 2511 764 2582 justitiae
772 2512 1005 2576 satiat,edveniens
1013 2512 1098 2582 gratia
1106 2512 1209 2581 virgam

157 2632 258 2685 timoris
274 2640 380 2686 amovet
391 2639 418 2684 et
429 2650 477 2716 spa
489 2631 621 2684 infusione
634 2631 751 2683 enimam
762 2631 890 2683 laetificat.
927 2631 951 2682 O
961 2631 975 2684 J
979 2649 1026 2692 esu
1034 2631 1209 2684 convivatori-

158 2755 210 2807 bus
224 2753 276 2806 tuis
288 2753 348 2824 quis
365 2770 442 2823 sapor
459 2753 487 2805 in
500 2752 640 2807 faucibus?
659 2752 719 2822 quis
738 2752 803 2805 odor
819 2752 847 2805 in
864 2753 992 2806 naribus?
1011 2753 1070 2823 quis
1082 2753 1209 2824 splendor

158 2892 215 2945 prae
225 2873 320 2926 oeulis?
330 2889 391 2942 quae
400 2871 506 2925 auditus
515 2871 678 2924 modulatio?
687 2889 747 2942 quae
756 2871 843 2924 cordis
848 2871 991 2942 jubilatio?
1003 2872 1078 2925 Nihil
1085 2873 1155 2926 infra
1163 2891 1210 2926 vo-

156 3002 215 3046 tum
226 3010 307 3063 supra
319 2991 409 3044 omnia
421 2991 567 3056 abundant,
575 2991 658 3042 immo
674 2990 892 3061 superabundant
903 2992 1008 3060 gaudia.
1047 2991 1172 3062 Explicat
1184 3001 1211 3044 et

157 3111 281 3166 extendit
291 3110 448 3164 sevoluntas
457 3110 491 3163 ad
503 3109 647 3162 volendum
654 3116 681 3160 et
693 3108 773 3159 etiam
785 3107 820 3158 ad
832 3106 985 3160 volandum.
1022 3109 1075 3161 Sed
1087 3127 1141 3162 non
1155 3111 1210 3162 suf-

160 3233 235 3286 ficit:
255 3231 417 3303 supercurrit
436 3230 525 3284 oleum
541 3229 603 3300 quia
622 3245 685 3281 vasa
697 3227 833 3280 deficiunt.
870 3227 924 3282 Hic
944 3227 989 3280 hic
1008 3245 1102 3282 manus
1122 3229 1211 3284 dentis

161 3353 263 3423 largior
275 3360 302 3406 et
314 3351 469 3423 accipientis
488 3350 580 3405 rarior.
618 3349 679 3402 Sola
698 3349 759 3402 haec
779 3348 960 3402 ministrorum
979 3349 1136 3421 indignatio,
1151 3351 1214 3421 quia

158 3474 238 3544 pauci
251 3481 314 3525 sunt
332 3473 428 3542 quibus
446 3471 496 3524 fiat
513 3469 662 3524 coelestium
680 3470 843 3524 ferculorum
861 3470 1019 3524 distributio.
1045 3471 1151 3542 Longos
1169 3472 1213 3526 sac
1258 3505 1261 3512 ,

160 3594 298 3647 funiculos
315 3601 382 3658 tuos,
400 3592 515 3645 extende
538 3592 622 3663 pelles
645 3599 705 3643 tuas
728 3608 762 3642 ne
786 3606 887 3659 percus,
913 3591 976 3660 quia
1000 3591 1153 3644 dilataberis
1177 3593 1212 3645 ad

163 3713 294 3767 orientem
306 3713 406 3767 diviuae
424 3710 665 3782 contemplationis,
678 3710 713 3763 ad
731 3710 895 3764 occidentem
912 3710 1039 3764 humanae
1057 3729 1105 3782 per
1123 3712 1212 3766 Chris·

163 3844 221 3888 tum
245 3834 429 3906 reparationis,
454 3833 490 3887 ad
513 3832 720 3904 septentrionem
745 3831 917 3886 daemoniacae
944 3831 1105 3904 dejectionis,
1131 3841 1157 3887 et
1178 3834 1212 3888 ad

160 3964 278 4009 austrum
296 3955 421 4026 gloriosae
440 3954 610 4008 ascensionis.
647 3954 724 4020 Vale,
743 3973 793 4008 nec
812 3955 868 4008 sine
883 3957 1130 4026 recompensatione
1147 3975 1213 4027 pau·

161 4085 292 4147 pertatem
310 4076 354 4129 vel
372 4076 501 4148 accipere,
528 4094 619 4129 carum
642 4084 763 4130 nostrum
787 4077 952 4147 subpriorem
978 4095 1011 4130 ex
1033 4085 1089 4131 tota
1113 4078 1210 4131 virtute

162 4197 247 4252 saluto
266 4206 295 4252 et
312 4205 423 4252 caeteros
441 4199 541 4252 amicos
558 4205 670 4251 nostros.
