3100 5192
385 583 436 631 126
855 578 888 630 G.
916 597 1026 633 arseris

388 755 459 807 gere.
494 737 536 788 An
558 735 668 806 impune
692 752 746 787 non
771 736 909 806 diligerem
934 755 1013 807 quem
1034 736 1155 808 apprime
1173 736 1362 793 honorandum
1386 742 1436 793 uti-

387 880 449 914 nam
460 862 633 932 suscepissem
644 862 655 914 l
667 862 719 914 Sed
727 864 791 933 quid
802 872 939 935 tantopere
947 865 1034 929 laudo,
1046 863 1117 933 quod
1128 863 1169 915 vel
1183 863 1433 932 rarissimassvisione

386 983 536 1051 cognosco?
549 982 601 1035 Sed
613 983 674 1051 plus
685 983 765 1049 huuc,
781 984 872 1047 fateor,
884 1000 1015 1052 cognosco
1024 982 1160 1035 auditione
1167 983 1369 1050 quamvisione,
1378 984 1436 1052 plus

385 1101 438 1155 fide
458 1118 538 1171 quam
558 1101 728 1165 fabulatione,
749 1100 810 1171 plus
829 1101 956 1170 religione
984 1117 1064 1169 quam
1084 1100 1209 1153 familiari
1230 1100 1435 1154 cohabitatione.

385 1219 484 1271 Audivi
495 1219 566 1271 enim
579 1219 627 1270 viri
639 1218 718 1288 hujus
730 1234 784 1270 non
798 1217 894 1271 elatam
908 1218 990 1271 seculi
1006 1234 1140 1287 pompam,
1153 1218 1200 1271 sed
1214 1217 1326 1271 electam
1340 1220 1436 1273 docmi-

385 1356 429 1390 nae
440 1338 561 1400 formem,
581 1354 635 1391 non
649 1338 804 1391 ebrietatem
817 1338 863 1390 sed
884 1338 1060 1400 sobrietatem,
1081 1354 1136 1389 uon
1147 1356 1242 1390 vanam
1262 1339 1437 1409 pecuniarum

383 1456 596 1521 sollicitudinem,
607 1458 653 1509 sed
662 1458 762 1510 variam
771 1456 966 1527 scripturarum
976 1457 1183 1521 meditationem,
1193 1474 1246 1510 non
1258 1460 1437 1512 curiositatem

384 1578 528 1631 formarum
539 1586 566 1631 et
577 1578 784 1647 pulcritudinum
794 1578 878 1629 fascea
887 1577 1048 1646 gehennales
1059 1578 1241 1642 accendentes,
1251 1581 1300 1633 aed
1309 1582 1438 1635 emunda·

386 1700 486 1752 tionem
500 1699 696 1752 deformitatum
709 1698 824 1768 propria
837 1697 1006 1751 conscientiae
1015 1696 1096 1767 juxta
1115 1698 1207 1751 Divini
1219 1701 1321 1769 speculi
1341 1702 1438 1755 illumi·

384 1820 528 1870 nationem.
548 1818 625 1882 Haec,
639 1817 710 1870 bone
719 1817 834 1889 juvenis,
851 1816 883 1868 de
895 1825 921 1869 te
933 1817 966 1869 ab
981 1817 1039 1871 aliis
1054 1834 1113 1871 cum
1126 1818 1255 1872 desiderio
1266 1820 1366 1887 audivi,
1377 1840 1436 1875 cum

385 1939 439 1991 fide
451 1938 549 2007 accepi,
563 1954 623 1989 cum
636 1935 734 2007 gaudio
744 1936 802 1987 aliis
812 1936 940 1987 enarravi.
977 1936 1024 1989 Nil
1036 1938 1125 2007 itaque
1138 1939 1242 2005 mimm,
1256 1942 1278 1993 si
1290 1942 1338 1994 tali
1352 1944 1437 1997 scribo

386 2075 465 2127 quem
485 2057 566 2109 talem
586 2056 734 2109 describere
755 2074 810 2109 non
831 2074 930 2121 vereor,
942 2074 975 2109 ex
988 2056 1072 2109 relatu
1094 2076 1186 2111 eorum
1207 2061 1304 2129 quibus
1325 2061 1436 2116 iirmitm

385 2178 473 2229 credo.
511 2176 598 2247 Hujus
610 2185 699 2228 tamen
712 2177 847 2229 ardentius
856 2194 915 2229 oum
926 2178 1052 2230 aviditate
1064 2178 1159 2232 faciem
1172 2180 1290 2234 viderem
1303 2191 1330 2236 et
1342 2200 1435 2237 vocem

385 2295 512 2361 audirem,
526 2312 606 2365 quam
626 2298 737 2349 mortuis
749 2298 868 2365 apicibus
881 2298 962 2351 verba
975 2306 1078 2353 mortus
1089 2300 1202 2366 ederem,
1215 2310 1252 2367 ut,
1267 2306 1343 2375 cujus
1362 2326 1436 2361 amor

384 2417 458 2485 viget
472 2416 498 2468 in
520 2416 617 2480 animo,
639 2415 695 2492 ejus
713 2417 857 2486 prasentia
880 2417 1035 2471 scintillaret
1055 2420 1347 2495 inoculoJAmpliet
1365 2428 1434 2481 enim

385 2536 501 2589 calorem
524 2537 651 2589 latentem
664 2538 689 2588 in
706 2538 815 2590 remotis
825 2538 1029 2592 scintillantibus
1047 2542 1121 2594 venis
1142 2542 1250 2596 admota
1269 2554 1295 2597 et
1316 2546 1436 2600 admixta

385 2657 480 2709 facula
517 2656 614 2709 Mutuo
633 2674 749 2726 namque
773 2674 831 2709 sese
856 2658 894 2711 ita
917 2658 1008 2711 fovent
1033 2660 1281 2733 fomentajamoris,
1310 2668 1434 2735 quatinus

382 2776 492 2827 flamma
504 2775 614 2827 interior
632 2790 663 2825 eo
683 2774 768 2841 magis
788 2773 897 2838 ferveat,
921 2792 973 2844 quo
996 2777 1112 2829 exterior
1133 2778 1157 2830 ei
1179 2784 1384 2855 appropinquat,
1410 2798 1436 2841 et

384 2892 500 2943 exterior
524 2908 556 2943 eo
577 2890 674 2943 clarius
691 2890 787 2953 luceat,
810 2908 863 2959 quo
883 2892 906 2943 ei
928 2892 1037 2945 interior
1067 2895 1248 2951 vehementius
1282 2902 1433 2975 participat.

383 3012 473 3083 Hujus
486 3010 602 3080 exempli
617 3009 817 3062 similitudinem
830 3028 908 3079 quem
922 3028 995 3065 amas
1008 3014 1152 3080 absentem,
1162 3016 1257 3089 incipis
1267 3036 1434 3091 superamare

383 3138 550 3200 praesentem.
570 3128 670 3181 Crescit
682 3128 753 3180 enim
766 3128 793 3180 in
807 3130 889 3181 oculis
902 3146 983 3183 amor.
1013 3131 1158 3187 Revehitur
1178 3145 1267 3191 meatu
1286 3142 1388 3196 aurium
1402 3145 1436 3196 ed

383 3265 429 3300 cor
441 3246 575 3315 diligentis
587 3262 640 3298 vox
652 3244 750 3309 dilecti,
763 3264 890 3316 expressa
909 3248 1059 3303 charactere
1079 3252 1234 3307 dilectionis.
1280 3258 1342 3311 Jam
1364 3278 1437 3315 emor

381 3365 477 3433 incipit
488 3381 545 3415 esse
554 3380 616 3414 cum
626 3362 724 3431 gaudio
734 3364 778 3431 qui
788 3366 860 3432 prius
870 3374 926 3417 erat
940 3367 995 3420 sine
1007 3370 1105 3437 gaudio
1116 3380 1162 3424 aut
1171 3390 1231 3427 cum
1241 3376 1330 3431 taedio.
1344 3379 1438 3435 Taedet

383 3483 454 3535 enim
470 3499 524 3535 uon
544 3480 642 3533 babere
654 3498 733 3550 quem
744 3481 830 3534 tendit
846 3500 951 3554 semper
963 3502 1059 3540 amare.
1098 3490 1159 3543 Sine
1171 3494 1270 3561 gaudio
1279 3513 1386 3569 quoque
1399 3511 1438 3555 est

384 3603 430 3672 qui
453 3620 513 3655 eum
526 3618 579 3655 non
600 3599 682 3653 habet
694 3600 750 3653 siue
765 3617 819 3669 quo
839 3603 955 3671 gaudere
976 3622 1029 3657 non
1052 3616 1148 3675 potest.
1186 3614 1337 3683 Apponitur
1356 3618 1438 3689 igitur

383 3723 466 3775 amori
484 3721 619 3791 gaudium,
635 3738 716 3789 quum
729 3721 829 3774 amicus
842 3724 926 3775 cernit
937 3742 1014 3777 suum
1027 3729 1150 3783 amicum.
