3100 5192
625 526 759 561 nrrsrorm
1184 504 1219 555 ⁵7

163 671 272 736 propter
285 665 481 717 conscientiam.
519 663 552 716 In
573 672 682 734 aspectu
702 662 774 716 enim
795 662 874 726 fama,
888 660 915 712 in
937 659 1029 712 abdito
1049 656 1216 713 couscientia.
1258 741 1261 749 Ι

165 785 249 837 Fama
262 783 296 836 ad
309 783 476 849 sacrificinm,
490 782 651 836 conscientia
663 782 779 853 pertinet
796 780 832 832 ad
851 778 1043 832 holocaustum.
1081 777 1165 830 Fama
1177 785 1218 829 est

116 913 119 916 “
166 905 233 957 aries
252 903 298 974 qui
316 903 439 956 cornibus
456 902 541 957 haeret
556 904 626 956 inter
642 921 735 974 vepres
754 903 885 956 malorum
899 901 1046 965 hominum,
1064 899 1133 952 inter
1151 916 1217 968 quos

166 1021 406 1094 apostolusinquit,
421 1021 526 1074 Lucetis
547 1023 615 1075 sicut
634 1021 779 1075 luminaria
799 1021 827 1073 in
846 1018 955 1072 mundo.
992 1018 1160 1071 Conscientia
1179 1025 1219 1069 est

165 1143 241 1194 Isaac
261 1141 415 1211 unigenitus
440 1141 566 1206 Abrahae,
588 1141 616 1192 in
638 1158 691 1210 quo
713 1138 908 1193 benedicentur
927 1137 974 1208 qui
994 1138 1188 1190 benedicuntur
1203 1153 1220 1188 a

163 1261 287 1315 Domino.
301 1262 405 1314 Amen!
440 1261 529 1332 Hujus
542 1269 629 1332 caput,
642 1261 760 1314 medium
781 1268 808 1314 et
828 1259 941 1315 caudam
954 1258 1070 1312 ostendit
1081 1257 1215 1329 apostolus

166 1383 274 1436 dicens:
294 1382 335 1434 Dc
349 1381 437 1447 corde,
451 1381 545 1451 inquit,
559 1399 626 1452 puro
638 1388 665 1435 et
677 1380 839 1434 conscientia
852 1382 924 1435 bona
942 1389 969 1435 et
989 1381 1042 1436 fide
1063 1396 1117 1434 nou
1142 1379 1213 1432 ficta

163 1500 244 1554 Orate
255 1519 306 1570 pro
318 1519 394 1556 servo
406 1510 501 1554 vestro.
539 1500 657 1554 Salutate
669 1500 807 1556 dominum
816 1500 950 1555 abbatem.

528 1867 571 1916 25.
591 1863 845 1917 HORTATORIA.

537 1985 566 2036 P.
581 2003 693 2037 cranrco
707 2004 757 2037 suo
769 1985 852 2038 Caes.

198 2103 389 2156 Excusationis
403 2075 562 2174 prooemium
575 2104 630 2157 sive
641 2104 820 2158 velamentum
830 2104 973 2158 rusticitati
981 2122 1049 2156 meae
1059 2103 1215 2174 superindu-

161 2244 258 2292 cerem,
273 2225 295 2277 si
308 2222 404 2278 clerico
416 2224 536 2290 scholari,
549 2243 603 2276 non
616 2224 695 2278 modo
707 2225 913 2290 Claraevallensi,
925 2224 948 2277 ai
960 2225 1094 2296 spumanti
1106 2227 1133 2278 in
1143 2243 1217 2278 secu·

162 2345 271 2410 laribus,
285 2363 339 2397 non
361 2345 468 2398 sudanti
486 2345 514 2396 in
538 2343 710 2415 regularibus,
734 2346 756 2398 si
775 2345 890 2416 denique
912 2346 1080 2425 Seirenarum
1101 2345 1217 2400 oblecta·

160 2471 252 2517 menta
264 2464 390 2534 captanti,
403 2482 457 2533 non
478 2482 571 2534 aspera
590 2482 703 2534 quaeque
715 2483 763 2534 per
776 2463 910 2517 desertum
922 2466 1044 2530 sectanti,
1064 2466 1215 2519 scriberem.

162 2581 242 2633 Nunc
256 2589 344 2634 autem
358 2582 420 2652 quia
431 2581 459 2634 id
472 2581 558 2634 solum
572 2581 643 2651 quod
655 2581 795 2635 honestum
808 2590 848 2634 est
858 2583 959 2635 bonum
971 2601 1027 2636 esse
1039 2600 1094 2636 non
1114 2583 1217 2647 dubito,

161 2719 239 2753 omne
248 2719 312 2754 vero
322 2719 414 2754 verum
421 2701 569 2766 honestum,
585 2703 607 2754 si
618 2721 712 2756 verum
724 2702 823 2785 dixero,
838 2704 871 2756 ab
883 2702 994 2758 honesto
1004 2703 1139 2769 recedens,
1153 2722 1216 2758 con·

163 2820 293 2873 fusionem
306 2839 360 2874 non
374 2821 463 2874 timeo.
500 2822 560 2874 Scio
572 2821 663 2892 itaque
676 2839 784 2874 manum
806 2830 832 2875 tc
844 2822 879 2876 ad
898 2822 978 2876 fortia
996 2822 1099 2876 misisse
1113 2832 1140 2876 et
1151 2825 1216 2877 satis

163 2940 319 3010 perplexum
338 2940 447 3010 antiquo
466 2941 591 3011 sophistae
608 2941 743 3012 sophisma
761 2942 864 2996 fecisse.
901 2942 987 2996 Crede
1003 2943 1077 3008 mihi,
1091 2943 1217 2996 frendens

163 3070 190 3113 et
208 3061 315 3130 rugiens
334 3061 430 3131 quaerit
448 3060 548 3114 solvere
568 3060 639 3131 quod
663 3061 808 3130 nequiter
836 3062 939 3113 ratione
962 3061 1091 3114 refellere.
1135 3062 1216 3115 Calli-

164 3181 214 3234 dus
233 3188 272 3233 est
290 3190 315 3232 et
333 3181 361 3234 in
381 3199 443 3234 aure
461 3198 593 3251 perversae
613 3180 764 3233 calliditatis
789 3189 912 3251 potenter
938 3181 1045 3247 callens,
1064 3189 1156 3254 utpote
1174 3185 1218 3237 cui

163 3302 197 3354 ab
216 3301 529 3372 incomprehensibilitate
545 3309 615 3354 retro
632 3300 780 3354 labentium
798 3310 948 3372 temporum
974 3320 1059 3355 annus
1070 3333 1106 3344 -
1118 3304 1217 3359 mensis

162 3453 199 3462 -
211 3421 478 3475 dies—-hora-vel
495 3419 680 3474 brevissimum
699 3426 865 3491 momentum
881 3439 935 3474 non
954 3430 994 3474 est
1012 3423 1131 3494 elapsum
1157 3424 1216 3479 abs·

162 3562 215 3613 que
233 3543 383 3614 hujusmodi
403 3542 650 3595 conflictationibus.
686 3541 798 3600 Quoties
817 3524 880 3594 vicit
898 3550 925 3594 et
942 3511 1028 3595 victus
1052 3553 1099 3610 est,
1118 3546 1216 3618 dejecit

164 3673 191 3717 et
208 3661 329 3735 dejectus
348 3671 394 3728 est,
415 3661 501 3716 obruit
519 3669 546 3714 et
563 3663 672 3714 obrutus
688 3669 735 3713 est.
772 3661 834 3713 Non
854 3669 894 3713 est
909 3660 933 3713 ei
950 3662 1047 3732 pudor,
1067 3663 1146 3716 timor
1158 3683 1218 3734 pro-

166 3787 209 3840 cul
227 3787 309 3850 abest,
336 3803 394 3856 spos
422 3783 559 3837 evertendi
585 3801 687 3853 semper
715 3782 798 3848 adest,
818 3783 942 3836 fulminat
967 3784 1071 3850 timens,
1095 3793 1218 3840 attrectat

164 3917 277 3971 tumenS,
295 3905 397 3958 recedit
415 3923 532 3975 sperans,
561 3903 663 3956 accedit
690 3903 822 3956 dubitans.
864 3904 888 3954 0
914 3905 1011 3957 astutia
1039 3905 1215 3976 simplicitatis

163 4027 280 4092 inimica,
300 4026 473 4096 malignitatis
493 4025 549 4077 filia
566 4024 654 4088 unica,
669 4024 749 4076 totius
769 4024 901 4094 religionis
914 4025 994 4078 tinea.
1032 4026 1138 4079 Patrem
1157 4044 1217 4078 nos-

162 4155 232 4199 trum
251 4166 267 4199 a
285 4146 411 4200 Paradiso
430 4145 574 4210 exclusisti,
584 4163 632 4199 nos
650 4144 814 4196 beatitudine
833 4144 939 4214 spolias,
959 4144 1070 4196 miseriis
1089 4145 1215 4209 cumulas,

674 4218 706 4266 10
1214 4228 1217 4240 ¹
