3100 5192
329 532 364 585 74
763 534 797 587 G.
825 536 947 591 Asseris

326 686 355 742 in
367 687 494 760 religione
507 690 662 763 angelorum
673 694 828 761 stabilitum,
841 695 890 750 etsi
902 695 1022 751 nondum
1039 693 1149 751 ooeleste
1166 694 1220 749 mei
1235 692 1316 766 pleno
1332 709 1380 752 cre

323 812 351 863 ct
362 815 455 863 venue
467 818 596 877 eructuat,
609 810 730 868 silvestre
742 813 836 869 saitem
845 823 1000 887 praegustat.
1035 814 1123 870 Aliter
1132 814 1204 869 enim
1213 814 1301 885 gratis
1309 813 1381 887 sapit

323 926 352 982 in
363 928 458 1000 patria,
471 928 548 985 aliter
560 930 589 985 in
601 930 689 1000 exilio,
703 932 782 989 sliter
792 951 860 1000 rara,
873 934 950 989 slitsr
961 935 1045 1007 larga,
1059 933 1137 989 aliter
1149 933 1289 999 continue,
1302 933 1383 988 aliter

324 1047 491 1120 interpolata,
499 1049 609 1106 aliterin
617 1068 725 1126 corpore
732 1053 846 1120 mortali,
852 1053 1121 1121 aliterinimmortnii,
1128 1051 1382 1109 aliterinvisibiliter

326 1166 407 1232 clera,
420 1165 496 1221 alites
508 1167 649 1223 visibiliter
659 1168 852 1227 administrata.
888 1171 982 1228 Calore
1001 1170 1083 1244 igitur
1099 1140 1217 1227 caritatis
1234 1169 1381 1242 liquefacta

326 1292 354 1339 st
370 1284 507 1340 collatorio
525 1285 692 1344 discretionis
709 1288 836 1362 eliquats,
849 1286 1022 1345 nihilominus
1040 1299 1068 1345 et
1085 1290 1216 1344 infusorio
1235 1288 1379 1361 exquisitae

325 1403 444 1459 actitatis
459 1404 551 1460 infuse
566 1406 669 1462 homini
686 1409 773 1479 gratia
791 1408 944 1481 asperitates
961 1409 1076 1465 sonuum
1093 1409 1121 1462 ia
1141 1408 1306 1464 confessione
1331 1406 1382 1461 mi-

325 1523 401 1595 tigat,
411 1525 578 1580 stomachum
583 1487 747 1601 receptivum
758 1528 992 1583 innumerabilium
1005 1526 1198 1599 cogitationum
1209 1524 1379 1589 mundificat,

262 1640 272 1655 ’
326 1642 498 1699 discretivam
508 1646 609 1700 cerebri
617 1647 748 1701 rationem
759 1646 795 1701 nd
808 1655 907 1703 certam
920 1664 1069 1701 mensuram
1079 1646 1223 1709 modificet,
1233 1652 1261 1699 et
1269 1644 1380 1699 vitalem
1409 1658 1410 1661 ’

327 1761 424 1816 senem
437 1762 471 1816 ad
483 1781 573 1817 verum
582 1765 807 1819 immortalitatem
817 1765 890 1820 cordi
900 1766 1097 1821 subministrat:
1117 1765 1161 1819 bic
1173 1773 1261 1819 sutem
1270 1763 1380 1818 interim

326 1897 376 1934 noa
393 1897 455 1935 cum
473 1881 551 1934 turbu
568 1890 696 1952 tanquam
713 1882 741 1935 in
760 1881 951 1953 campestribus
968 1880 1004 1936 ad
1021 1882 1135 1953 gratiam
1152 1881 1324 1953 strepituum,
1338 1880 1378 1935 ibi

326 1997 440 2052 velutin
451 2008 571 2054 montem
584 1999 816 2071 contemplationis
830 1999 1005 2071 glorificatam
1019 2000 1037 2055 J
1039 2017 1086 2054 esu
1096 2000 1193 2053 faciem
1206 1999 1381 2071 suscipimus.

327 2110 382 2172 Hic
400 2128 578 2189 expectamus,
597 2119 635 2174 ibi
652 2130 815 2191 spectamus:
834 2121 879 2175 bic
896 2121 1019 2193 petimus,
1037 2118 1075 2173 ibi
1092 2117 1253 2190 accipimus:
1271 2117 1317 2173 hic
1333 2134 1379 2171 ro·

326 2253 428 2305 gamm,
437 2236 475 2289 ibi
482 2254 636 2306 erogamus:
649 2237 693 2291 bic
701 2238 801 2309 inopes,
810 2239 847 2291 ibi
853 2238 1011 2309 locupletes:
1024 2237 1069 2292 hic
1075 2253 1214 2308 pauperes,
1223 2236 1260 2289 ibi
1268 2234 1378 2289 divites:

326 2353 371 2406 bic
389 2370 451 2407 cum
469 2353 574 2408 Joanue
592 2355 620 2408 in
637 2354 750 2420 deserto,
768 2355 806 2409 ibi
825 2372 886 2408 cum
904 2355 970 2410 Jesu
985 2355 1014 2409 in
1032 2371 1131 2425 regno:
1155 2354 1200 2407 bic
1217 2352 1247 2407 in
1270 2370 1377 2408 carcere

326 2470 453 2537 Herodis,
471 2471 509 2525 ibi
527 2472 556 2525 in
573 2470 672 2545 palatio
692 2481 791 2527 eternoe
808 2472 987 2528 haereditatis:
1005 2471 1050 2526 bic
1063 2471 1097 2525 ad
1108 2470 1303 2543 reparationem
1314 2486 1377 2540 grs-

326 2591 366 2647 tia
383 2591 575 2659 commodatm,
592 2592 630 2646 ibi
647 2592 681 2646 ad
698 2592 870 2650 reiectionem
887 2599 1043 2664 praestatum
1074 2591 1118 2646 hic
1136 2590 1165 2644 in
1183 2606 1317 2656 mensura,
1335 2588 1375 2643 ibi

325 2726 408 2781 supro
424 2726 584 2774 mensuram,
596 2709 641 2764 bic
657 2709 686 2764 in
698 2717 766 2775 utre,
777 2710 816 2764 ibi
827 2712 856 2764 in
874 2717 976 2777 ventre,
987 2710 1031 2765 bic
1048 2710 1076 2764 in
1094 2708 1192 2766 cortice
1209 2707 1377 2773 sacramenti,

325 2824 364 2882 ibi
380 2826 409 2881 in
426 2826 639 2881 manifestatione
662 2829 760 2882 summi
782 2836 810 2883 et
831 2796 1054 2902 incircumscripti
1074 2830 1194 2885 luminis.
1230 2830 1300 2886 Ecce
1322 2828 1375 2894 lac,

323 2933 407 3001 immo
422 2943 556 3018 butyrum,
570 2964 632 3001 ecce
650 2945 705 2999 mel
721 2945 766 3000 vei
783 2947 871 3019 potius
889 2946 980 3001 favum
998 2947 1093 3014 mellis,
1107 2947 1187 3003 offert
1203 2964 1296 3003 servus
1312 2964 1376 3002 nos-

321 3074 363 3121 ter
380 3082 482 3121 mense·
505 3063 674 3120 dominorum
697 3083 814 3121 suorum.
849 3066 894 3121 Ad
918 3066 983 3139 quid
1007 3067 1104 3123 iterum
1126 3067 1204 3122 nobis
1227 3082 1377 3138 assequar

318 3202 381 3241 cnm
397 3185 525 3257 amphora
546 3186 621 3240 vini?
638 3185 663 3237 0
680 3185 783 3242 domini
800 3195 828 3240 et
844 3186 924 3241 amici
940 3186 1078 3253 carissimi,
1097 3195 1192 3258 puteus
1209 3186 1279 3240 citus
1295 3192 1380 3239 estet

316 3304 387 3376 lapis
403 3303 594 3375 superpositus,
613 3320 694 3375 quem
711 3304 779 3359 mibi
796 3304 907 3375 angelus
924 3304 1044 3359 nondum
1061 3302 1181 3367 revolvit,
1200 3302 1287 3356 Jacob
1310 3319 1380 3357 non·

317 3405 384 3478 dum
397 3423 505 3489 amovit,
521 3431 549 3478 et
564 3422 698 3496 quomodo
714 3393 802 3479 dicam
817 3424 891 3489 Bibe,
909 3422 1033 3488 Domine,
1050 3430 1076 3476 et
1088 3420 1197 3475 camelis
1213 3420 1265 3473 tuis
1280 3429 1377 3491 potum
1428 3442 1430 3445 ·

319 3541 491 3599 tribuamto
511 3543 609 3599 ardens
627 3541 803 3599 desiderium!
823 3541 945 3598 Fossoria
961 3541 1074 3608 bebetis,
1092 3557 1174 3595 venas
1192 3556 1322 3613 aquarum
1341 3540 1380 3593 ri·

322 3646 443 3719 sentium
460 3662 619 3736 possidetis:
641 3670 735 3733 puteos
753 3676 858 3734 quoque
875 3659 944 3715 rodit
960 3659 1096 3715 Abraham
1115 3666 1143 3713 et
1159 3657 1208 3713 filii
1225 3656 1280 3730 ejus
1298 3656 1376 3713 issac

322 3774 352 3835 ct
368 3781 443 3851 pueri
463 3781 520 3851 ejus
537 3780 640 3834 habetis
658 3786 686 3832 et
700 3779 789 3833 adhuc
806 3795 904 3848 aquam
922 3777 956 3832 de
974 3778 1089 3832 cisterna
1105 3794 1166 3848 quae
1185 3775 1270 3830 estin
1288 3774 1371 3829 Beth·

323 3886 395 3953 leem
412 3885 560 3967 suspiratis.
597 3896 729 3965 Equidem
744 3896 805 3951 haec
822 3912 893 3967 aqua
912 3894 961 3948 etsi
984 3895 1056 3949 bona
1078 3894 1113 3947 ad
1135 3893 1289 3960 bibendum,
1326 3892 1374 3947 sed
1462 3908 1464 3911 ·

323 4016 442 4073 difficilis
458 4013 493 4070 sd
512 4014 711 4070 inveniendum.
748 4012 804 4069 Iter
820 4012 953 4085 prolixum
968 4020 995 4066 et
1013 4012 1154 4079 obsessum,
1169 4011 1244 4067 locus
1259 4021 1376 4067 remotus

325 4141 354 4196 ct
370 4134 484 4212 issnotus,
498 4136 568 4195 vass
585 4150 679 4209 psucae
697 4143 724 4191 st
741 4150 819 4202 rarae,
834 4130 953 4205 undique
969 4132 1053 4190 bostis
1070 4139 1098 4187 et
1115 4132 1377 4217 consumimus·
