3100 5192
335 443 386 493 108
787 434 821 484 G.
841 433 962 485 Asnsrrs

334 591 500 656 desideratis,
513 591 536 643 si
548 591 576 643 in
588 606 655 661 pace
667 597 694 642 et
706 588 834 643 sancitate
841 586 980 659 proficitis.
1018 586 1060 639 De
1073 603 1117 638 me
1129 591 1217 639 autem
1227 584 1303 639 nulla
1315 582 1389 639 vobis

336 711 485 765 suboriatur
494 710 617 782 suspicio,
631 709 708 778 quasi
718 707 870 761 deserturus
881 706 931 759 sim
943 724 998 759 vos.
1035 704 1110 758 Mors
1120 712 1223 757 tantum
1232 722 1275 757 me
1288 722 1391 775 separa·

331 832 372 885 bit
383 829 491 894 anobis,
505 837 533 881 et
544 827 631 892 modo,
645 827 746 881 credite
758 827 832 891 milri,
846 832 943 879 retorto
956 824 1043 895 capite
1056 824 1090 877 ad
1107 824 1246 895 pennulas,
1270 842 1326 878 non
1338 825 1388 891 die,
1484 867 1487 873 .

331 967 386 1003 non
404 956 492 1015 nocte,
510 947 612 1001 recedit
629 964 647 999 a
663 947 740 1000 vobis
764 946 855 999 anima
871 963 951 1001 mea:
971 946 1018 999 sed
1036 946 1117 1001 modo
1134 947 1287 1012 oratorium,
1312 946 1391 1000 modo

332 1069 486 1132 claustrum,
513 1066 594 1119 modo
616 1064 784 1137 capitulum,l
797 1066 876 1118 modo
889 1065 1066 1131 refectorium,
1095 1066 1175 1119 modo
1199 1066 1390 1133 dormitorium,

332 1178 413 1233 modo
424 1185 522 1231 catera
531 1177 623 1231 officia
633 1176 758 1242 chesnio,
771 1184 799 1229 et
811 1176 845 1229 ad
857 1176 1083 1231 inordinationem
1096 1178 1204 1247 qnidem
1224 1178 1392 1244 molestabor,

333 1300 369 1354 ad
380 1301 479 1353 bonam
487 1318 550 1353 vero
561 1298 786 1352 conversationem
801 1298 895 1352 hilaris
906 1306 934 1352 et
944 1299 1064 1369 gaudens
1076 1300 1287 1369 congratulabor.

369 1418 440 1471 Ecce
450 1418 570 1488 singulm
580 1416 735 1488 singillatim
741 1434 824 1471 mann
835 1418 942 1487 propria
953 1416 1046 1485 soluto,
1057 1436 1151 1471 omnes
1159 1418 1237 1471 simul
1250 1419 1393 1472 totocorde

340 1546 368 1592 et
379 1554 425 1591 ore
435 1539 523 1593 saluto
534 1556 646 1609 semper.

371 1658 415 1710 De
426 1674 496 1709 nova
507 1656 554 1709 illo
562 1655 759 1727 propositorum
770 1656 937 1709 institutione
947 1656 1045 1710 iterum
1057 1673 1220 1721 commoneo,
1242 1664 1340 1711 utnon
1360 1656 1393 1710 sit

336 1778 413 1832 vobis
423 1776 572 1828 molestum.
608 1775 666 1827 Illis
677 1775 706 1826 in
715 1774 850 1827 communi
862 1775 968 1841 mando,
990 1784 1018 1828 et
1037 1776 1193 1829 auctoritate
1214 1793 1267 1846 qua
1285 1794 1394 1847 possrmr

336 1894 470 1967 praecipio,
482 1900 514 1945 ut
524 1891 602 1945 simul
614 1892 642 1944 in
653 1892 725 1945 bona
736 1909 803 1963 pace
812 1902 839 1945 et
850 1894 992 1947 concordia
999 1902 1133 1960 maneant,
1150 1903 1177 1948 et
1185 1896 1293 1965 negotia
1310 1902 1396 1949 vestra

337 2014 569 2083 beneprocurent:
606 2010 702 2067 Valetc
715 2018 944 2081 etoroteprome
975 2056 978 2063 r

365 2493 412 2543 48.
435 2444 554 2542 nssssns
572 2487 769 2541 CELLENSIS
788 2487 1005 2565 CQNVENTUI
1025 2490 1101 2543 SUO.
1121 2488 1374 2546 HORTATORIA.

377 2610 485 2662 Furni
503 2608 533 2661 P.
554 2625 703 2660 csnrssnso
728 2626 757 2660 ns
779 2609 899 2661 Cnnrsro
917 2626 1016 2662 rnsrnr
1041 2609 1074 2661 A.
1096 2628 1129 2663 nr
1156 2628 1278 2667 nsusonn
1303 2631 1398 2668 noenu·

345 2749 395 2783 su
414 2748 554 2783 onrvnnso
572 2747 727 2782 convnnrur
747 2748 853 2783 ssrrrns
872 2747 944 2785 ouon
963 2748 1057 2783 soson
1076 2750 1124 2785 ner
1144 2751 1263 2787 rumam.

378 2848 462 2901 Vobis
474 2848 528 2901 otia
539 2855 567 2901 et
579 2848 687 2917 negotia
697 2860 759 2901 mea
770 2848 871 2901 debeo:
892 2849 988 2917 quibus
1000 2850 1133 2920 astringor
1146 2851 1288 2906 dilectione
1300 2854 1398 2907 sollici-

343 2968 444 3033 tudine,
458 2968 505 3020 sed
518 2976 544 3021 et
554 2962 708 3022 defensione
719 2967 748 3020 in
760 2984 858 3037 magna
866 2967 962 3038 judicii
971 2966 1023 3021 Dei
1034 2967 1205 3022 discussione.
1243 2971 1298 3023 Vos
1307 2970 1397 3041 itaque

345 3088 374 3142 in
393 3090 446 3142 otio
465 3089 552 3152 cellae,
565 3088 599 3139 de
617 3086 720 3140 coelesti
736 3088 876 3140 beatorum
894 3086 1034 3157 spirituum
1053 3086 1108 3140 otio
1125 3104 1181 3140 non
1199 3089 1292 3155 otioso,
1308 3098 1334 3143 et
1351 3107 1399 3161 pro

344 3209 434 3263 officio
446 3209 576 3279 injuncto,
590 3214 617 3259 et
628 3223 677 3276 pro
688 3205 795 3275 negotio
807 3213 929 3277 suscepto
942 3224 1117 3271 commonere,
1129 3208 1201 3261 bona
1212 3226 1259 3280 spe
1271 3210 1400 3263 mercedis

341 3326 370 3376 in
383 3333 501 3397 tempore
512 3344 561 3380 suo
572 3326 713 3390 metendae,
729 3326 878 3395 aggredior.
916 3327 1021 3379 Fratres
1033 3328 1086 3380 mei
1098 3328 1271 3394 dilectissimi,
1285 3346 1398 3400 regnum

345 3445 396 3499 Dei
407 3446 605 3517 pacatissimum
616 3446 742 3518 pacificos
755 3446 850 3518 recipit
860 3446 937 3512 lilios,
952 3447 1127 3502 clarissimum
1140 3458 1236 3517 castos,
1251 3451 1401 3505 amoenissi-

344 3584 420 3621 mum
430 3567 571 3638 jucundos,
581 3584 696 3620 vernans
707 3566 820 3620 fioribus
831 3566 924 3638 plenos
936 3568 1086 3634 virtutibus,
1095 3569 1234 3640 irrigatum
1243 3571 1399 3625 fluminibus

345 3688 491 3742 inebriatos
503 3687 761 3760 compunctionibus,
773 3688 867 3753 laturo,
880 3687 990 3758 longum
1007 3697 1034 3743 et
1050 3688 1213 3743 immensum
1229 3691 1353 3745 dilatatos
1372 3691 1401 3745 in

347 3810 466 3873 caritate,
478 3810 607 3879 patientia
622 3817 754 3874 extensos,
768 3810 967 3880 perseverantia
982 3809 1157 3881 longanimes,
1172 3812 1200 3864 in
1216 3830 1263 3883 spe
1281 3813 1325 3865 vel
1342 3832 1401 3885 pro·

347 3929 446 3999 posito,
454 3944 539 3997 usque
547 3927 582 3980 ad
592 3928 673 3981 linem
681 3927 753 3981 vitae.
790 3928 942 3981 Reviviscat
950 3929 1032 3999 igitur
1040 3930 1145 4000 spiritus
1154 3939 1247 3999 vester,
1259 3934 1400 3999 carissime,

350 4047 578 4118 contemplatione
603 4056 629 4101 et
653 4047 838 4119 expectatione
858 4058 990 4105 tantorum
1009 4050 1148 4119 bonorum,
1169 4053 1231 4122 quia
1248 4055 1337 4109 omnia
1354 4054 1405 4109 isto
