3100 5192
566 723 720 772 narnensis,
751 733 896 771 rrrsronn.
1216 725 1247 785 21

190 844 277 900 vicem
296 845 428 901 affectus:
446 845 516 902 lraec
531 848 658 905 internos
667 847 810 907 mediatrix
827 855 907 908 unico
925 872 1015 911 amore
1027 855 1177 912 adinvicem
1195 858 1254 913 dul·

190 965 256 1019 citer
282 975 309 1020 et
326 967 429 1022 fortiter
446 977 473 1022 et
485 970 618 1041 sapienter
635 973 738 1027 animas
765 983 868 1028 nostras
895 977 1097 1046 conglutinavit.
1134 979 1251 1034 Haecin

190 1104 233 1139 me
255 1095 372 1140 vestrum
390 1089 520 1143 tenaciter
538 1109 656 1159 amorem
675 1093 797 1159 effimdit,
809 1102 836 1148 et
848 1095 882 1147 ad
894 1114 943 1149 vos
954 1115 1008 1149 non
1026 1097 1189 1153 dissimiliter
1207 1119 1251 1153 mc

193 1206 280 1277 ipsum
303 1216 388 1261 totum
401 1209 578 1265 diffundendo
590 1213 710 1266 contulit.
746 1214 793 1268 sd
810 1215 920 1268 unicum
943 1215 1034 1286 itaque
1057 1227 1085 1271 et
1108 1218 1250 1290 specialem

190 1328 305 1380 amicum
323 1329 450 1399 singulari
469 1349 515 1401 ape
534 1341 560 1384 ct
576 1332 664 1399 unica,
684 1352 756 1404 rogo,
776 1337 887 1389 accedat
904 1346 991 1390 vestra
1008 1338 1142 1392 sanctitas.
1184 1341 1248 1394 Non

187 1447 294 1501 diffidet
311 1467 388 1502 snum
408 1469 471 1516 esse,
492 1453 566 1523 cujus
585 1453 713 1508 veraciter
726 1455 844 1510 affirmet
854 1475 883 1510 se
895 1475 959 1510 esse.
996 1458 1055 1511 Nisi
1075 1467 1163 1512 autem
1172 1461 1246 1531 justa

191 1569 329 1624 occasione
355 1571 465 1625 inventa
482 1573 517 1626 ad
535 1591 584 1627 nos
602 1575 734 1639 veneritis,
753 1575 817 1629 satis
834 1575 868 1630 de
886 1577 1038 1632 intenaitate
1068 1579 1164 1632 amoris
1190 1598 1251 1633 nos·

187 1689 221 1741 tri
242 1689 403 1744 diminuetis.

554 2167 580 2217 5.
616 2163 740 2219 EIDEM
776 2165 884 2219 IDEM.

259 2403 399 2462 Qurcourn
418 2423 466 2458 aar
485 2423 518 2458 nr
538 2425 646 2460 vorren.

191 2545 293 2646 valet
326 2573 458 2628 Dominus
486 2577 580 2628 mensi
615 2576 743 2630 Vivitne?
778 2577 817 2630 Ut
847 2577 934 2630 credo.
970 2577 1027 2630 Aut
1053 2585 1093 2631 est
1123 2577 1249 2632 alteratus

187 2695 232 2749 hic
245 2696 465 2750 nutalterameo
478 2697 694 2750 estsubstitutns.
732 2697 760 2750 Si
772 2698 839 2750 alter
851 2705 899 2764 est,
924 2697 1022 2763 mirari,
1048 2697 1094 2750 aed
1115 2716 1169 2752 non
1196 2699 1242 2752 do·

190 2815 245 2869 lere
258 2816 364 2870 desino:
378 2816 498 2881 tacuisse,
517 2817 563 2888 qni
574 2817 648 2888 loqui
660 2835 714 2870 non
727 2825 839 2888 poterat
876 2819 948 2872 Nam
960 2820 1075 2873 surrexit
1092 2838 1176 2874 novus
1198 2839 1245 2874 rex

190 2937 237 3007 qui
248 2955 302 2990 non
315 2945 428 2990 noverat
439 2937 454 2989 J
458 2935 547 3007 oreph.
585 2938 613 2989 Si
625 2938 759 3002 alteratus,
772 2938 872 2991 nollem
885 2939 967 2994 inimo
979 2947 1081 2993 tantam
1094 2940 1247 2994 alteration·

190 3075 241 3121 em,
255 3073 315 3126 quae
327 3073 397 3126 pene
409 3055 608 3124 accedituaque
626 3055 660 3108 ad
680 3055 875 3108 alienationem.
912 3057 1039 3110 Alienum
1063 3058 1097 3111 ab
1121 3058 1207 3111 amico
1219 3077 1246 3111 e-

189 3175 357 3247 quidemst,
371 3192 450 3245 posse
463 3173 628 3226 dissimulare
641 3192 717 3245 aeque
736 3181 764 3226 et
775 3174 899 3228 simulare
910 3194 917 3227 τ
935 3193 989 3228 non
1008 3175 1115 3230 simrrlat
1134 3177 1243 3242 amicus,

191 3297 237 3351 sed
249 3303 357 3368 propter
369 3294 508 3348 veritatem
521 3311 574 3347 non
588 3293 751 3347 dissimulat:
777 3293 825 3347 sed
836 3303 946 3365 propter
965 3295 1140 3366 respirantem
1164 3297 1246 3351 addo-

188 3435 253 3470 rem.
289 3416 361 3476 Quid
374 3415 445 3469 enim
457 3432 511 3469 non
524 3414 599 3467 novit
610 3414 754 3484 sapientia:
770 3414 835 3483 quid
846 3432 900 3468 non
913 3422 1000 3485 potest
1020 3416 1136 3470 caritaal
1154 3418 1249 3477 Quod·

191 3553 295 3606 cunque
313 3543 351 3588 est
363 3534 438 3599 scire,
451 3534 528 3587 novit
539 3533 688 3604 Sapientia:
710 3533 889 3604 quodcunque
910 3543 950 3586 eat
967 3552 1052 3604 posse,
1073 3544 1160 3606 potest
1179 3537 1246 3589 cari·

187 3666 236 3711 tas.
273 3657 335 3709 Non
352 3662 392 3707 est
405 3654 480 3719 scire,
494 3654 560 3707 scire
573 3653 691 3707 metiari:
705 3671 759 3705 non
782 3662 822 3706 est
844 3672 929 3725 posse,
951 3671 1028 3724 posse
1054 3654 1181 3706 oblivisci.
1218 3655 1243 3706 0

188 3777 272 3831 amice
285 3777 430 3832 etdomine
443 3776 584 3841 carissime,
598 3775 725 3829 oblivioni
739 3791 773 3826 an
790 3775 960 3845 negligentiae
985 3783 1079 3827 vcstrae
1108 3774 1241 3846 objiciam,

189 3897 260 3969 quod
277 3897 438 3951 abstinuistis
451 3904 506 3949 tam
518 3914 535 3949 a
546 3894 696 3949 visitatione
709 3912 791 3964 quam
812 3913 829 3947 a
848 3894 1006 3948 salutatione
1029 3895 1174 3948 amicornm
1186 3914 1244 3949 ves-

187 4029 288 4074 trorum
299 4018 370 4072 ultra
381 4026 485 4088 tempus
498 4025 525 4070 et
547 4015 676 4070 modum?
711 4015 794 4067 Estne
814 4013 932 4068 oblivio?
967 4014 994 4066 Si
1016 4023 1063 4079 est,
1093 4013 1176 4084 digna
1203 4021 1244 4067 est

187 4149 287 4206 morte;
302 4139 384 4209 digna
396 4137 492 4202 exilio;
506 4154 567 4206 quae
580 4135 642 4188 tulit
653 4133 779 4188 diadema
799 4134 832 4187 dc
855 4134 941 4206 capite
961 4133 1092 4205 episcopi;
1118 4150 1186 4203 quae
1208 4132 1242 4186 de

186 4271 295 4335 pectore
308 4261 414 4315 sustulit
424 4259 561 4313 rationale.
598 4256 704 4310 Oblivio
717 4256 789 4311 delet
800 4264 827 4308 et
839 4254 911 4327 qnod
930 4254 1103 4325 praecipuum
1123 4253 1151 4305 in
1171 4253 1242 4306 hon-

187 4403 240 4449 ore,
254 4392 280 4438 at
292 4382 363 4454 quod
375 4379 547 4436 fortissimum
559 4385 598 4432 cst
610 4377 638 4434 in
650 4377 753 4451 robore,
766 4377 796 4430 id
808 4384 848 4431 ast
860 4376 1018 4451 sapientiam
1031 4382 1058 4430 et
1073 4373 1238 4429 memoriam.
