3100 5192
560 599 707 637 bunvtusrs
720 603 875 637 neronom.

395 915 411 966 9
448 915 502 967 ΑΙ)
520 913 626 968 CLUN.
663 933 698 969 aa
718 925 860 969 proruero
878 931 1012 970 ernnusto.

606 1035 728 1090 EIDEM
747 1037 854 1090 IDEM.

206 1138 325 1233 »Iustitia
337 1187 424 1232 vestra
433 1179 649 1252 superabundare
659 1181 739 1236 debet
744 1183 856 1254 justitiae
865 1183 1010 1236 scribarum
1020 1190 1047 1236 et
1054 1157 1258 1250 Pharisaeomm,

206 1322 260 1357 non
279 1305 423 1378 subjacere.
460 1305 546 1358 Miror
560 1305 690 1379 justitiam
708 1305 779 1359 hano
798 1307 857 1376 quis
875 1323 960 1358 naurs
976 1304 1113 1376 legislator
1128 1304 1173 1358 vel
1190 1301 1262 1360 unde

206 1424 331 1490 attulerit,
341 1435 372 1478 ut
383 1443 437 1478 non
449 1401 603 1479 restituatur
621 1443 637 1479 a
653 1425 796 1496 principali
814 1425 933 1478 debitore
949 1427 1047 1497 pignus
1064 1425 1230 1498 fidejussoria
1248 1443 1265 1479 a

206 1541 334 1598 creditore
353 1546 498 1600 detentum.
536 1543 621 1600 Miror
647 1554 673 1599 et
690 1563 789 1599 novam
805 1543 1008 1616 benignitatem,
1028 1563 1089 1616 quae
1107 1563 1163 1600 non
1181 1545 1263 1601 semel

204 1666 363 1736 respondere
373 1667 457 1721 voluit
461 1667 520 1739 jam
528 1663 645 1719 seeundo
652 1667 766 1719 vocanti.
788 1666 887 1719 Durius
895 1665 948 1719 hoe
958 1664 1064 1720 silentio
1074 1685 1154 1738 quam
1164 1663 1263 1720 damno

204 1802 369 1857 promoveor.
407 1787 451 1841 Ad
459 1787 586 1841 damnum
594 1783 951 1858 enimleviusperferendum
959 1797 1116 1859 cooperatur
1124 1789 1260 1860 patientia,

205 1923 288 1977 quum
300 1908 368 1962 illud
380 1907 484 1962 noveris
495 1905 693 1962 resarciendum
706 1908 785 1961 amici
796 1925 867 1961 nova
879 1917 906 1960 et
917 1906 988 1962 bona
999 1909 1093 1980 gratia.
1119 1910 1261 1966 Silentium

205 2045 268 2080 vero
281 2037 341 2098 post
351 2028 522 2092 beneficium,
529 2028 626 2080 mortui
637 2025 764 2080 beneficii
775 2036 949 2098 repraesentat
961 2029 1119 2099 sepulemm.
1156 2030 1261 2084 Malum

204 2155 245 2200 est
257 2156 385 2216 tanquam
398 2146 546 2200 abortivum
559 2147 637 2199 amici
649 2147 854 2217 primogenitum
867 2143 962 2212 iacere,
970 2165 1052 2218 quum
1061 2149 1149 2219 potius
1156 2165 1261 2222 semper

204 2269 324 2341 obsequii
337 2268 464 2322 memoria
471 2268 559 2340 vigere
567 2268 662 2323 debeat
670 2276 697 2322 et
705 2269 794 2322 vivere
803 2267 875 2340 apud
884 2269 989 2334 amieos,
999 2266 1160 2324 etdamnum
1170 2271 1262 2325 damni

201 2387 330 2444 hactenus
342 2388 498 2459 patientiam
510 2391 679 2460 praestabam,
693 2389 739 2442 sed
752 2389 852 2454 amicis,
862 2389 910 2442 sed
922 2389 1047 2456 dominis,
1057 2391 1104 2445 sed
1122 2392 1259 2445 veracibus

203 2510 398 2581 monachis,qui
407 2518 433 2564 et
442 2510 608 2581 simeipsum
617 2510 717 2564 vellent
723 2510 860 2563 invadiare
868 2519 984 2581 possent.
1020 2510 1073 2564 Sed
1086 2511 1151 2581 quid
1163 2511 1262 2565 dieaml

204 2629 287 2684 Plane
300 2631 387 2684 minus
399 2632 495 2696 dicam,
509 2648 543 2684 ne
555 2631 622 2685 forte
635 2639 661 2684 et
674 2648 734 2684 oum
752 2631 867 2701 pecunia
879 2631 978 2685 amieos
995 2632 1115 2702 perdam.
1152 2633 1256 2687 Valetel

239 2753 308 2806 Eooe
321 2752 417 2805 calami
428 2753 512 2804 nostri
524 2751 600 2804 valde
613 2752 717 2822 fatigati
729 2769 777 2822 pro
789 2752 879 2806 labore
891 2770 939 2806 auo
951 2721 1102 2808 mereedem
1113 2764 1257 2826 reposcunt

204 2872 294 2925 bibere
306 2871 334 2924 in
348 2873 429 2925 calice
442 2880 502 2942 post
514 2880 608 2925 aeatum
621 2880 647 2925 et
657 2871 791 2944 hyemem.

524 3354 556 3407 10
592 3350 714 3407 EIDEM
734 3350 842 3407 IDEM.

539 3475 658 3527 Snmsun
677 3492 732 3527 cun
754 3492 916 3528 nnvorronr.

206 3573 289 3668 una
304 3595 449 3664 eademque
461 3595 533 3660 hora,
548 3595 662 3666 denique
675 3602 702 3647 et
714 3613 758 3648 ore
769 3611 832 3659 uno,
842 3594 943 3665 saporis
953 3594 1123 3649 dulcedinem
1133 3615 1149 3648 a
1158 3593 1262 3651 medul-

203 3721 237 3775 lis
250 3718 368 3792 epistolae
380 3725 475 3770 vestrae
488 3716 586 3788 accepi,
601 3725 627 3770 et
638 3716 773 3788 reciproco
785 3735 895 3770 munere
907 3736 1017 3771 manum
1036 3717 1070 3771 ad
1091 3718 1260 3774 scribendum

204 3843 310 3898 deflexi.
329 3843 438 3913 Semper
446 3860 561 3914 namque
570 3842 659 3896 neseio
669 3841 732 3913 quid
741 3827 802 3913 plub
810 3842 958 3896 dulcedinis
965 3844 1047 3900 habet
1057 3863 1099 3899 rea
1115 3863 1262 3917 praesnmp-

205 3977 241 4033 ta,
266 3966 352 4038 primo
375 3964 519 4018 voluntatis
543 3964 670 4034 appetitu,
696 3981 776 4034 quam
796 3973 856 4035 post
880 3964 1003 4018 desiderii
1028 3974 1140 4037 tempus.
1176 3967 1260 4020 Nolui

205 4087 286 4159 igitur
298 4087 521 4160 opportunitatem
534 4094 661 4155 tanquam
674 4086 910 4139 recalefaciendam
921 4086 950 4139 in
961 4087 1040 4140 horas
1056 4087 1172 4152 differre,
1189 4087 1261 4140 unda

205 4216 307 4268 sueram
332 4214 408 4284 quasi
431 4211 546 4265 monitus
569 4210 628 4279 ipsa
652 4217 733 4262 tantae
752 4210 896 4280 majestatis
915 4210 1076 4281 dignatione,
1096 4222 1123 4265 et
1144 4211 1260 4282 primum
