3100 5192
495 559 650 611 Deprensis
686 558 836 645 Barasasa.
1164 561 1215 615 127

155 734 204 785 55.
255 730 407 783 ΟΙΙΙΒΑΜ
433 730 622 785 MONACHO
648 729 894 785 AEGROTANTI:
921 728 1213 784 consummate.

201 849 231 903 Ρ.
251 850 307 907 Dm
331 869 433 903 onssra
451 851 549 903 Carasa
571 868 739 904 uorsasrrun
765 868 861 905 urceus
880 868 963 903 ausas
982 850 1009 903 J.
1029 867 1112 904 ruico
1131 867 1213 903 suos

163 968 225 1021 Duo
245 987 340 1021 rorrus
359 987 567 1023 cossotsrrours
584 987 741 1023 consonans.

196 1089 312 1152 Quaeris,
324 1090 414 1153 frater,
428 1106 444 1141 a
456 1106 498 1141 me
511 1091 610 1159 scripta
624 1089 822 1154 exhortationis,
836 1106 929 1161 parum
949 1104 1063 1159 pensans
1084 1094 1212 1141 torrentes

157 1215 257 1262 nostrae
281 1209 468 1279 occupationis.
517 1210 620 1269 Quaeris
645 1210 778 1280 (inquam)
804 1207 1019 1271 consolationem,
1043 1206 1106 1275 quia
1127 1192 1211 1259 sentis

156 1324 348 1381 desolationem
360 1348 368 1393 5
388 1328 506 1398 postulas
519 1330 656 1392 auxilium,
669 1329 732 1398 quia
743 1336 833 1399 portas
846 1326 972 1391 exilium
992 1325 1117 1395 imploras
1130 1342 1213 1379 reme·

163 1445 249 1511 dium,
262 1448 326 1516 quia
342 1447 431 1517 ploras
440 1448 603 1515 ‚discidium
639 1448 706 1507 Quis
730 1466 793 1517 ergo
813 1464 863 1515 ego
886 1464 944 1499 aum
964 1445 1010 1515 qui
1030 1445 1078 1499 tibi
1099 1444 1213 1498 scribere

162 1566 273 1634 possim,
285 1566 357 1619 uude
371 1568 492 1633 fovearis,
502 1568 575 1621 unde
589 1568 750 1632 conforteris,
772 1566 845 1620 unde
864 1564 1015 1618 consoleris.
1052 1564 1135 1617 Orare
1157 1563 1214 1633 qui-

161 1684 226 1738 dem
240 1703 288 1756 pro
301 1695 328 1738 te
341 1688 386 1739 vix
398 1704 513 1757 possum,
526 1705 649 1757 perorare
661 1688 709 1740 tibi
721 1686 795 1739 uullo
809 1684 888 1738 modo
900 1700 1018 1753 possum.
1055 1682 1137 1735 Filius
1149 1700 1212 1735 vero

159 1803 219 1867 Dei,
234 1806 279 1873 qui
292 1813 435 1875 conceptus
447 1805 481 1858 de
494 1806 593 1877 Spiritu
607 1806 705 1859 Sancto
718 1814 766 1869 est,
781 1822 860 1874 quem
872 1804 951 1857 unxit
965 1803 1037 1855 Deus
1048 1820 1104 1873 prae
1116 1802 1212 1873 princi-

158 1923 236 1992 pibus
249 1924 310 1987 suia,
323 1925 398 1995 crrjus
411 1942 509 1977 nomen
523 1925 610 1978 oleum
624 1926 748 1990 effusum,
763 1923 881 1975 Christus
895 1922 911 1974 J
914 1940 982 1987 esus,
1002 1922 1082 1985 venit,
1103 1930 1134 1974 ut
1154 1922 1212 1991 ipse

158 2041 231 2109 dicit,
247 2043 376 2097 consolari
387 2044 509 2113 lugentes
520 2044 594 2097 Sion.
632 2043 741 2095 Utinam
754 2041 901 2095 secundum
914 2022 1111 2093 multitudinem
1125 2040 1169 2093 do.
1189 2046 1210 2094 t.

158 2180 248 2218 conso.
270 2161 328 2234 ejus
355 2161 493 2216 laetificent
515 2180 540 2215 a
562 2179 657 2215 meam.
705 2130 737 2213 Iri
757 2160 925 2214 tribulatione
946 2160 1032 2229 inquit
1053 2177 1107 2225 sua,
1130 2160 1212 2213 Mane

158 2292 321 2353 consurgent
340 2284 438 2347 adme,
459 2292 486 2337 et
503 2292 541 2349 tu,
565 2284 638 2347 Jesu,
661 2282 748 2352 quid?
765 2283 910 2351 Quousque
934 2282 1030 2335 avertis
1054 2280 1149 2334 faciem
1170 2284 1214 2335 tl

156 2420 296 2474 quousque
308 2421 362 2457 non
374 2402 475 2474 prolers
485 2421 595 2456 manum
616 2402 650 2455 de
670 2403 753 2455 sinu?
770 2418 907 2471 quousque
919 2401 1019 2454 nubem
1038 2402 1156 2471 opponis,
1177 2420 1211 2455 ne

155 2530 274 2577 trauseat
285 2523 319 2575 ad
332 2531 358 2575 te
370 2524 453 2576 oratio
468 2522 702 2592 nostral'lempus
716 2529 756 2573 est
763 2520 905 2573 miserendi
918 2539 925 2572 :
940 2528 1098 2585 convertere,
1112 2521 1212 2591 respice

158 2650 186 2695 et
198 2643 372 2714 deprecabilis
385 2652 451 2696 ecto.
487 2643 530 2695 Da
542 2642 672 2695 auxilium
686 2641 719 2693 de
726 2640 905 2705 tribulatione,
917 2657 978 2693 erue
989 2640 1022 2691 ab
1030 2641 1206 2709 oppressione,
1217 2641 1219 2645 ’

156 2771 265 2833 protege
277 2762 458 2816 ateutatione.
502 2762 562 2815 Filii
581 2761 719 2813 bominum
740 2759 783 2812 cui
804 2759 904 2812 habent
917 2759 1064 2830 supplicare
1083 2759 1134 2811 nisi
1155 2760 1211 2813 filio

155 2880 279 2947 hominis,
293 2900 373 2952 quem
383 2882 550 2951 interpellare
562 2881 612 2933 nisi
627 2881 799 2934 mediatorem
813 2879 862 2931 Dei
876 2887 903 2931 et
914 2878 1036 2944 hominis,
1046 2878 1092 2931 ubi
1117 2879 1207 2933 confu-

157 3022 221 3075 gere
241 3004 292 3057 nisi
310 3004 344 3056 ad
356 3004 484 3074 pabulum
509 3003 613 3057 cruciat
632 3003 686 3055 Hic
713 3002 756 3053 hic
788 3009 873 3052 turtur
894 3000 980 3070 pullos
1004 3016 1063 3051 suos
1081 2999 1203 3067 reponit3

158 3122 229 3175 ultra
241 3121 379 3174 audaciam
386 3122 462 3191 ponit
476 3140 482 3186 3
497 3121 620 3173 columba
627 3119 726 3191 promit
731 3120 855 3189 gemitus.
894 3119 947 3171 Hic
956 3119 1047 3189 botrys
1056 3119 1144 3189 Cypri,
1158 3118 1207 3171 flos

159 3241 255 3311 campi,
269 3240 334 3294 odor
341 3239 398 3304 lilii,
408 3239 519 3293 flumina
531 3239 654 3310 paradisi,
667 3248 744 3310 porta
753 3238 823 3303 coeli,
832 3238 902 3291 ‘salus
910 3238 1012 3290 mundi.
1038 3238 1106 3290 Ecce
1118 3246 1210 3307 portus

157 3360 204 3412 ubi
215 3369 292 3430 potus
300 3360 363 3426 vini,
372 3360 417 3413 ubi
429 3360 503 3414 cibus
518 3360 594 3430 panis
607 3360 633 3411 iu
645 3359 721 3430 ligno
735 3358 820 3411 crucis
833 3357 944 3423 decocti,
959 3366 985 3411 et
995 3376 1011 3409 a
1022 3366 1097 3428 parte
1106 3358 1212 3427 signati.

158 3480 276 3533 Ubinam
284 3487 358 3532 tanta
368 3480 504 3532 oculorum
518 3479 665 3543 delectatio,
677 3487 819 3548 tantusque
829 3478 932 3529 aurium
941 3477 1042 3529 melos?
1070 3477 1153 3529 Juxta
1163 3478 1213 3548 fig-

158 3598 297 3651 endasunt
309 3602 394 3648 castra
405 3615 412 3648 ε
422 3613 472 3648 nec
480 3596 551 3647 infra
561 3595 761 3658 remanendum,
773 3612 823 3645 nec
830 3593 900 3645 ultra
908 3593 1139 3663 progrediendum.
1163 3595 1214 3649 llic

156 3732 290 3785 compone
302 3731 399 3777 mores,
412 3714 516 3783 depone
528 3730 662 3778 moerores,
675 3730 780 3783 appone
789 3720 847 3765 tuos
860 3729 970 3765 amores.
991 3713 1129 3781 Nusquam
1148 3714 1211 3767 alibi

159 3833 330 3906 propitiatio:
373 3849 428 3885 nou
465 3832 629 3902 propitiator,
653 3850 741 3902 nequa
773 3831 906 3883 Cherubin
931 3832 1023 3901 gloriar
1052 3832 1212 3886 obumbran-

161 3954 200 4008 tia
210 3952 431 4024 propitiatorium.
461 3951 602 4003 Oblitusue
622 3969 650 4003 ea
667 3950 805 4003 Abraham
818 3950 852 4001 ad
870 3949 957 4001 ilicem
967 3950 1090 4003 Mambre
1103 3952 1215 4021 angelos,

161 4074 268 4138 vidisse,
282 4074 331 4126 sub
342 4072 436 4125 arbore
449 4072 519 4125 malo
530 4052 656 4143 sponsum
669 4088 794 4141 sponsam
807 4070 952 4135 suscitasse,
964 4088 1069 4122 omnem
1082 4087 1210 4139 aquarum

161 4192 366 4247 amaritudinem
380 4199 452 4245 tactu
463 4192 530 4262 ligni
543 4192 571 4245 in
584 4191 752 4245 dulcedinem
764 4190 887 4261 Moysem
901 4191 1068 4243 convertisse.
1118 4190 1211 4243 Omni-

677 4262 715 4325 21
