3100 5192
316 704 354 752 ²⁸
438 665 444 674 Ι
801 718 826 773 4³·
865 715 978 771 curru

320 839 426 892 Partem
447 841 557 910 inquam
576 856 650 892 snam
670 857 725 922 non
746 838 893 893 molliorem
912 837 959 891 sed
978 838 1114 892 meliorem
1126 837 1198 901 fecit,
1209 839 1272 909 quia
1290 838 1374 890 simul

317 959 463 1015 molliorem
482 967 509 1012 et
524 957 661 1013 meliorem
680 959 708 1012 in
725 959 835 1024 mundo,
853 959 901 1011 ubi
917 975 1067 1030 presnrram
1085 956 1223 1030 promittit,
1243 957 1383 1011 neminem

315 1098 393 1152 posse
405 1079 502 1134 habere
515 1079 613 1135 docuit
656 1079 719 1134 Volo
732 1079 842 1150 quidem
857 1097 907 1150 ego
924 1079 1061 1134 meliorem
1077 1078 1124 1133 sed
1142 1097 1177 1132 ex
1191 1078 1294 1150 gratia:
1314 1078 1385 1150 eligo

317 1218 391 1272 saepe
404 1200 550 1254 molliorem
563 1199 610 1253 sed
622 1215 655 1252 ex
666 1198 840 1252 humanitatis
850 1208 953 1253 natura.
990 1199 1053 1255 Non
1065 1199 1104 1253 sic
1112 1216 1181 1264 vero,
1193 1216 1248 1253 non
1266 1199 1304 1253 sic
1312 1197 1384 1273 legit

321 1320 402 1374 Deus.
432 1319 530 1372 Divisit
537 1321 608 1373 enim
621 1319 713 1372 aliter:
733 1337 858 1385 seorsum,
868 1318 916 1373 sed
927 1337 1030 1373 sursum
1044 1321 1134 1391 posuit
1144 1319 1299 1383 meliorem3
1312 1336 1384 1372 seor·

316 1459 375 1495 aurn
392 1441 440 1495 sed
452 1440 574 1494 deorsum
592 1441 754 1494 molliorem:
772 1441 894 1495 homines
906 1450 994 1495 autem
1003 1449 1131 1511 tanquam
1152 1441 1293 1510 molliores,
1300 1430 1384 1492 infn'

273 1579 276 1583 ·
323 1563 419 1619 micres
438 1581 485 1618 eeu
502 1563 638 1618 inferiores
655 1563 743 1617 adhuc
760 1563 855 1617 limum
871 1565 1052 1636 plasmationis
1063 1582 1120 1636 pror
1139 1563 1222 1617 oculis
1241 1563 1378 1630 habentes,

319 1684 441 1740 molliora
453 1693 480 1738 et
491 1684 617 1752 dulciora,
631 1704 685 1739 non
697 1686 807 1740 meliora
819 1695 847 1738 et
860 1685 966 1739 duriora
977 1694 1114 1757 appetunt
1151 1685 1262 1756 Optioni
1271 1683 1379 1756 quidem

322 1815 419 1860 nostrae
437 1807 602 1877 relinquitur,
621 1815 711 1860 utrum
734 1807 895 1878 accipiamus
917 1807 1027 1860 meliora
1050 1805 1097 1860 sed
1120 1806 1233 1871 duriora,
1259 1823 1294 1858 an
1317 1823 1379 1860 vero

320 1927 442 1983 molliora
453 1928 500 1983 sed
512 1927 649 1984 deteriora.
686 1929 773 1984 Video
785 1939 874 1983 antem
885 1930 1079 1983 humanitatem
1094 1945 1181 1982 meam
1189 1927 1342 1999 frequenter
1354 1936 1381 1982 et

324 2050 372 2105 diu
382 2051 411 2106 in
422 2050 473 2106 hoc
485 2049 635 2106 discrimine
647 2050 780 2105 vacillare.
816 2050 901 2106 Modo
918 2051 989 2105 enim
1005 2057 1090 2104 tentat
1102 2058 1129 2103 et
1145 2057 1269 2104 attrectat
1283 2049 1378 2103 durum

323 2171 495 2241 propositum,
510 2172 573 2240 quis
592 2171 701 2225 melius:
721 2171 801 2224 modo
819 2169 946 2224 relabitur
962 2171 997 2224 ad
1009 2170 1089 2223 rnolle
1110 2170 1172 2241 quia
1190 2169 1379 2245 delectabilius.

326 2289 360 2343 In
379 2289 454 2343 istius
473 2298 611 2344 contractu
635 2289 724 2362 placat
742 2290 849 2361 emptio,
870 2291 918 2344 sed
938 2291 1060 2362 displicet
1078 2277 1204 2357 conditio,
1225 2292 1253 2345 in
1273 2291 1380 2346 alterins

324 2419 461 2464 contractu
473 2409 559 2464 facilis
571 2409 695 2476 conditio,
708 2410 755 2464 sed
766 2410 827 2464 vilis
840 2411 946 2483 emptio.
983 2412 1008 2463 0
1020 2429 1125 2482 anceps,
1139 2411 1255 2466 Odnbia
1262 2413 1379 2483 negotis·

321 2532 374 2596 tiol
394 2533 536 2605 Superssua
554 2533 640 2587 carnis
658 2533 782 2605 equidem
795 2533 942 2599 delectatio,
966 2552 1021 2588 non
1044 2550 1235 2604 usquequaque
1251 2541 1291 2588 est
1308 2533 1380 2592 omni

320 2632 423 2709 homini
446 2656 544 2722 odiosa,
569 2655 617 2709 sed
639 2655 753 2709 multum
778 2649 897 2726 quaesita,
921 2655 1012 2709 multis
1036 2656 1161 2727 appetita,
1185 2655 1380 2725 multumquea

321 2773 411 2829 multia
423 2775 582 2844 amplexata.
620 2774 673 2827 Sed
684 2775 841 2845 quousque?
858 2774 963 2828 modica
974 2783 1022 2839 est,
1035 2775 1186 2828 transitoris
1198 2783 1237 2828 est
1252 2782 1280 2826 et
1296 2741 1379 2845 quum

322 2880 427 2950 videtur
450 2913 514 2962 esse,
535 2913 590 2951 non
613 2903 660 2949 est.
709 2895 829 2968 Seipsam
853 2897 991 2962 consumit,
1016 2896 1130 2968 seipsam
1154 2896 1273 2960 destruit,
1298 2896 1326 2949 in
1349 2914 1378 2949 se

325 3014 467 3071 crudeliter
479 3016 570 3071 saevit
606 3015 736 3072 Acerbiue
747 3025 837 3071 tamen
850 3015 978 3070 damnum
990 3015 1062 3088 quod
1073 3025 1195 3070 naturam
1207 3015 1290 3082 laedit,
1300 3033 1379 3088 quam

309 3135 395 3210 quod
413 3137 527 3208 seipsam
547 3137 682 3196 interimit.
719 3137 807 3191 Intrat
826 3138 854 3191 in
875 3138 992 3209 aliquem
1010 3137 1163 3209 hujusmodi
1182 3137 1331 3204 delectatio,
1353 3143 1380 3190 et

320 3265 415 3312 natura
426 3257 532 3328 refugit.
569 3257 670 3313 Rerum
685 3256 804 3311 omnium
819 3256 927 3313 domina
943 3257 1069 3314 ancillam
1085 3258 1166 3311 istam
1187 3256 1262 3312 velut
1277 3254 1379 3329 pestem

323 3377 430 3449 refugit,
443 3377 518 3431 velut
528 3385 642 3432 mortem
657 3377 746 3444 evitat,
755 3377 830 3432 velut
841 3377 976 3432 infernum
988 3388 1072 3433 cavet
1092 3379 1239 3450 Nunquam
1250 3380 1322 3434 enim
1334 3386 1383 3433 aut

321 3471 389 3556 raro¹
549 3571 552 3578 Ι
647 3506 665 3535 “
682 3501 710 3557 in
723 3501 851 3558 unasede
866 3511 1017 3558 morantur:
1038 3506 1055 3527 ''

320 3621 370 3676 vix
384 3630 431 3676 aut
448 3637 585 3694 nunquam
601 3622 680 3676 simui
695 3631 846 3695 operantur.
882 3625 992 3698 Semper
1009 3643 1125 3698 namque
1142 3625 1195 3681 alia
1210 3633 1250 3680 est
1262 3624 1381 3696 opcdetio

322 3743 486 3808 necessitatis
517 3758 597 3812 quam
621 3750 649 3794 et
670 3749 782 3808 natiuae,
807 3744 860 3798 alia
882 3744 1026 3817 superfluae
1059 3744 1249 3800 delectationis.
1297 3743 1381 3798 Verbi

320 3861 414 3932 gratia,
428 3877 511 3931 quum
523 3860 649 3932 sepelitur
660 3861 755 3932 aliquis
767 3862 838 3928 vino,
851 3863 911 3917 cibo
921 3881 1006 3937 usque
1018 3865 1185 3918 adnauseam
1193 3865 1379 3935 ingiugitatur,

320 3989 462 4036 enervatur
477 3981 590 4048 luxuria,
609 4001 698 4038 nonne
721 3983 785 4038 hinc
808 3985 883 4057 luget
905 3996 1008 4055 natura,
1033 4005 1122 4042 nonne
1146 3997 1265 4060 regrotat
1290 4005 1385 4045 nonna

319 4102 438 4174 pariter
448 4100 569 4156 laborat?
586 4102 668 4176 Cujus
679 4104 772 4176 procul
785 4105 866 4161 dubio
881 4106 979 4166 deserit
990 4108 1063 4164 hunc
1082 4109 1135 4163 llos
1150 4110 1237 4164 atatis
1251 4117 1280 4162 et
1295 4109 1381 4164 morbi

319 4223 377 4280 rive
388 4223 480 4290 nortia
491 4223 684 4296 intempestive
696 4227 876 4281 accersiuntur
884 4229 983 4283 nuncii.
1021 4229 1091 4284 Haec
1099 4238 1190 4285 tamen
1202 4247 1282 4302 opera
1294 4230 1380 4287 cernis

321 4361 379 4401 ease
391 4346 447 4400 sive
458 4345 604 4417 superfluae
616 4346 798 4402 delectationis
810 4349 869 4418 quis
886 4350 1010 4419 ignorat?
1025 4351 1130 4404 Natum
1147 4367 1209 4405 vero
1225 4351 1267 4406 his
1282 4350 1381 4422 gaudet

1541 1106 1548 1252 ¹
