3100 5192
562 743 711 782 nervuum
730 745 861 783 romeu.
1204 728 1240 786 4⁸

180 861 282 920 i‘oveat
292 864 382 936 itaque
401 865 488 938 pictae
500 865 541 922 M.
552 867 599 934 H„
612 883 693 940 quom
713 883 769 924 non
783 867 890 925 invenit
917 868 1053 941 ingratum
1071 869 1236 942 experientia

177 992 275 1052 veura,
288 991 315 1040 et
337 1001 421 1056 quum
436 993 566 1058 temperet
575 986 706 1042 malitiam
717 986 907 1054 molestiarum,
929 989 992 1060 quia
1011 1007 1087 1061 opem
1104 989 1186 1044 habet
1204 989 1234 1046 iu

177 1105 342 1177 protectione
350 1105 453 1161 alarum
464 1115 620 1174 vestrarum,
628 1107 710 1164 tacite
720 1108 772 1182 ipei
780 1083 883 1182 paceni,
893 1109 997 1181 quinec
1005 1127 1062 1166 eure
1073 1111 1236 1184 pacipeper·

178 1229 215 1283 cit
222 1237 331 1301 propter
347 1237 464 1285 vestram
476 1247 580 1303 pacem.

543 1723 577 1774 16
613 1720 737 1775 EIDEM
755 1718 864 1776 IDEM.

249 1841 369 1895 SEIPSUM
388 1860 444 1896 GU!
465 1861 627 1898 DEVO'HONE.

176 1936 219 2029 Si
243 1963 375 2037 patienter
398 1962 520 2018 dominus
537 1981 612 2018 mene
630 1981 705 2018 servo
733 1980 791 2029 ouo,
817 1962 865 2018 ubi
890 1979 973 2034 poena
997 1962 1116 2028 debetur,
1141 1961 1235 2034 plegae

177 2082 303 2138 auricalco
315 2082 477 2147 admoveret,
490 2088 517 2135 et
527 2081 574 2136 ubi
582 2082 687 2154 justitio
704 2081 980 2153 ‹lebetum-praemium
996 2082 1163 2154 rependeret,
1177 2092 1234 2138 tam

170 2205 250 2260 facile
264 2203 403 2259 confiterer
415 2203 532 2276 culpam·
544 2221 625 2275 quem
637 2221 728 2258 secure
744 2221 878 2276 sperarem
893 2204 1009 2258 veniam.
1045 2203 1122 2259 Priua
1140 2169 1230 2262 tamen

172 2343 253 2398 quam
264 2325 376 2398 pelague
388 2322 562 2379 formidabilia
576 2341 695 2378 censurae
708 2322 887 2395 ingrediar-,an
897 2341 1022 2377 accusem
1041 2342 1076 2378 an
1089 2323 1225 2397 deplorem

176 2454 284 2511 sortem,
298 2463 351 2517 qua
361 2445 415 2500 huc
428 2443 533 2499 delatus
546 2445 714 2498 serenitatem
726 2452 841 2498 vestram
854 2444 910 2497 eive
921 2442 1016 2498 merito
1028 2445 1084 2497 eive
1100 2444 1232 2500 immerito

94 2613 97 2620 ,
176 2565 358 2621 obuubilatam
375 2565 403 2619 in
419 2583 462 2620 me
479 2565 566 2631 audio,
585 2565 648 2619 satis
665 2565 745 2619 anxie
761 2563 887 2618 delibero.
923 2563 984 2624 Quo
996 2564 1077 2618 modo
1092 2566 1165 2619 enim
1178 2583 1233 2620 non

170 2654 299 2741 'accusare
323 2687 365 2740 vei
388 2686 476 2758 potius
500 2703 623 2740 execrare
648 2701 739 2738 cauum
756 2683 833 2737 iilum
851 2683 943 2749 debeo,
962 2702 1109 2756 perquem
1126 2694 1232 2740 tantum

176 2826 266 2864 cesum
285 2807 388 2862 sentio?
405 2806 500 2860 Pereat
520 2804 605 2860 omnis
624 2821 709 2870 coeno,
729 2821 745 2858 a
764 2797 817 2875 quo
836 2803 960 2859 amicitiae
982 2803 1095 2860 infertur
1112 2822 1230 2863 occaeue.

174 2929 215 2984 Sit
232 2929 363 2984 solitarius
380 2947 430 2983 neo
453 2927 533 2982 laude
557 2926 661 2999 dignun,
687 2927 733 2997 qui
755 2943 840 2980 venae
862 2925 1059 2999 interrumpens
1082 2927 1232 2984 dilectioni·

171 3050 372 3106 inimicitiarum
382 3050 562 3121 conglomerat
573 3048 655 3102 virus.
691 3049 794 3102 Rureuo
806 3047 970 3119 deploranda
981 3048 1050 3102 forte
1062 3057 1169 3103 eotaore
1181 3051 1228 3104 iila

172 3203 233 3257 quae
246 3183 317 3254 cogit
329 3181 453 3252 utrinque
465 3180 493 3234 in
504 3179 690 3252 precipitium,
702 3185 734 3232 ut
745 3177 847 3232 eoilicet
862 3177 986 3250 pruinam
1001 3179 1108 3250 fugiens
1125 3181 1227 3236 incidat

174 3323 264 3359 arcum
278 3321 377 3358 aereum
385 3301 465 3374 juxta
475 3299 542 3354 illud
553 3299 654 3355 Amor:
675 3296 747 3364 Dice,
760 3298 855 3370 iuquit,
870 3299 980 3354 Domini
991 3301 1110 3357 tenebrae
1128 3309 1155 3357 et
1174 3319 1230 3359 uon

173 3426 237 3480 luxe
259 3387 391 3497 quomodo
403 3423 426 3477 ei
437 3421 525 3493 fugiat
534 3420 575 3475 vir
588 3437 605 3476 e
619 3420 687 3474 facie
695 3420 789 3486 leonia,
800 3429 954 3476 etoccurrat
964 3422 990 3501 ei
1004 3441 1090 3491 muro,
1098 3433 1125 3479 et
1138 3425 1226 3497 ingre·

175 3546 263 3600 cliatur
271 3545 388 3610 domum,
402 3551 429 3598 et
439 3541 569 3596 innitatur
587 3559 669 3594 manu
684 3557 822 3611 mamper
836 3541 973 3611 parictem,
990 3551 1017 3596 et
1032 3543 1153 3599 mordeat
1168 3562 1230 3600 eum

172 3665 288 3720 coluber.
325 3663 395 3718 Eece
407 3663 486 3717 amici
498 3669 525 3716 et
541 3660 643 3715 domini
658 3659 766 3714 offendo
781 3659 955 3730 majestatem,
975 3660 998 3714 ai
1014 3669 1111 3718 otetero
1126 3682 1176 3736 pro
1191 3665 1232 3719 Η.

174 3787 244 3840 Ecce
251 3786 348 3840 iterum
355 3801 435 3862 nuper
443 3780 604 3856 dissipantia
612 3797 693 3853 opera
700 3797 748 3834 ena
757 3778 885 3853 appellor,
896 3779 1000 3851 ei‚quod
1011 3780 1230 3856 bona·fide,juoto

171 3906 249 3960 titulo
261 3916 288 3962 et
293 3925 369 3962 more
378 3905 557 3962 ecclesiastico
570 3923 586 3960 a
597 3923 641 3959 me
652 3905 753 3959 factum
766 3912 816 3970 eet,
827 3904 1037 3960 diarimuiavero.
1059 3905 1133 3964 Hinc
1150 3910 1228 3966 civiie

167 4028 222 4099 juo,
241 4026 305 4081 hinc
322 4026 444 4082 neutrale
461 4025 495 4079 de
506 4044 550 4080 me
564 4025 737 4097 conquiritur.

276 4147 372 4202 Vicem
393 4145 501 4217 quidem
522 4145 633 4200 reddere
652 4163 758 4215 possem
783 4145 810 4199 in
837 4147 936 4214 multia,
954 4149 1003 4202 aed
1020 4148 1137 4204 infrenat
1158 4149 1229 4221 ling-

172 4285 234 4322 uam
246 4285 333 4321 meam
353 4265 520 4321 sanctissimo
537 4263 692 4318 reverentiae
717 4271 813 4318 veatrae
839 4267 989 4332 auctoritas,
1009 4276 1037 4320 et
1054 4270 1227 4324 couscientia

173 4405 240 4442 meae
252 4387 473 4460 profereionieque
490 4403 543 4440 nou
562 4384 711 4456 rumpenda
730 4384 876 4456 integritas.
913 4387 1140 4444 Victorioeierimo
1153 4391 1227 4447 euim
