3100 5192
545 603 866 688 Dsnvsnsrssrisrose.
1195 640 1233 688 du

173 768 246 837 quod
258 769 395 838 accipitis·
425 771 452 821 Si
465 771 629 825 enim-aliter
645 775 702 826 fieri
716 783 813 844 posset,
826 775 848 826 si
865 773 938 826 aliud
956 773 1070 843 pretium
1088 781 1234 848 quantumf

112 889 119 898 ”
173 900 280 956 cunque
288 903 415 956 magnum
426 891 646 942 vestrasanctitas
655 901 818 960 exposceret,
827 892 849 968 si
861 893 981 962 aliquam
990 892 1227 947 commutationem

173 1005 362 1057 commercium
374 1007 445 1058 istud
458 1007 616 1072 admitteret,
630 1009 654 1060 Ο
671 1027 753 1078 quam,
767 1010 881 1067 libenter
891 1011 992 1075 darem,
1006 1012 1030 1062 Ο
1047 1028 1108 1063 cum
1125 1021 1227 1081 quanta

175 1125 322 1194 gratiarum
336 1127 439 1180 actione
450 1145 617 1182 numerarem
628 1129 634 1180 i
654 1129 678 1179 Ο
690 1129 764 1182 Deus
772 1131 860 1183 cordis
869 1131 929 1194 mei,
940 1140 1041 1199 quanta
1053 1132 1150 1193 animae
1158 1149 1227 1185 meae

173 1260 258 1312 usque
270 1242 305 1297 ad
317 1253 429 1298 mortem
440 1248 469 1299 in
481 1249 533 1300 hoc
546 1256 626 1318 partu
638 1249 767 1318 angustis,
777 1267 858 1318 quam
869 1250 1052 1319 importabilis,
1066 1251 1117 1304 nisi
1129 1259 1159 1302 tu
1169 1269 1224 1304 me⁴

173 1382 234 1417 cum
241 1367 398 1436 portaveris,
405 1368 432 1419 in
442 1368 607 1438 separatione
616 1369 668 1420 ista
678 1368 827 1423 affectionis
833 1387 938 1438 semper
949 1370 1078 1422 duratura
1085 1370 1223 1424 aerumna!

172 1484 237 1538 Jesu
256 1487 335 1549 bone,
349 1487 530 1539 indubitanter
545 1505 594 1556 pro
614 1495 640 1538 te
662 1488 764 1556 aliquid
775 1506 817 1540 me
829 1489 922 1540 fecisse
932 1488 989 1559 jam
1008 1489 1134 1559 deinceps
1146 1464 1225 1541 fateri

170 1623 225 1658 non
238 1607 372 1658 erubesco.
410 1607 462 1659 Sed
475 1607 538 1676 quid
551 1607 623 1660 aliud
635 1607 768 1658 facerem?
785 1607 859 1659 Τιιιιι
872 1616 912 1658 est
923 1606 986 1671 ille3
1007 1616 1067 1659 tuus
1084 1625 1143 1658 sum
1156 1625 1222 1675 cgo;

172 1733 199 1776 et
211 1724 314 1777 utinam
325 1733 386 1776 tuus
406 1725 442 1776 sio
458 1742 514 1794 ego,
528 1725 596 1776 sicut
610 1725 655 1777 ille
668 1725 744 1778 tuus!
766 1725 801 1778 Et
814 1743 866 1795 qun
883 1727 969 1778 fronte
982 1726 1029 1777 tibi
1045 1726 1079 1778 de
1096 1733 1142 1778 tuo
1161 1733 1225 1778 tuus

172 1843 358 1896 contradicere.
373 1846 551 1914 praesumam?
569 1845 633 1896 Non
646 1845 739 1898 resisto
754 1845 886 1911 voluntati
907 1852 961 1897 tuae
982 1845 1182 1909 contumaciter,
1195 1853 1226 1897 ut

170 1972 201 2018 tu
213 1963 325 2016 adsistas
338 1965 495 2018 desolationi
505 1983 574 2018 mese
587 1965 799 2021 misericorditer.
837 1965 906 2018 Vide
925 1950 1103 2018 humilitatem
1115 1973 1142 2017 et
1153 1966 1173 2018 l.
1186 1983 1223 2021 m.

171 2090 197 2136 et
210 2083 236 2135 d.
250 2100 278 2134 u.
292 2082 318 2136 d.
332 2101 400 2135 mea.
438 2083 562 2146 Domine,
576 2083 699 2148 Domine,
714 2101 803 2136 nonne
824 2091 907 2135 totam
922 2084 1014 2136 mitius
1028 2101 1045 2135 a
1061 2101 1104 2136 me
1121 2084 1226 2137 tolleres

170 2205 289 2257 animam
301 2208 383 2274 quam
393 2213 496 2274 partem
509 2205 667 2258 dimidiam?
686 2206 796 2258 Placeat
804 2207 853 2258 tibi
865 2206 959 2258 saltem
968 2223 1021 2258 non
1034 2206 1155 2259 deserere
1166 2225 1227 2276 par-

169 2335 223 2378 tem
235 2326 380 2390 residuam,
394 2327 455 2396 quia
466 2327 517 2378 tibi
529 2328 639 2380 assumis
649 2328 821 2397 praecipuam.
859 2328 929 2380 Vere
937 2345 1009 2379 nunc
1020 2328 1142 2398 experior
1152 2327 1226 2396 quod

168 2460 293 2515 separare
307 2445 410 2496 veneris
431 2445 566 2496 hominem
587 2445 713 2498 adversus
732 2455 835 2514 patrem
858 2463 943 2496 suum.
980 2445 1050 2498 Vere
1062 2444 1106 2508 hio
1118 2444 1226 2514 gladius

169 2563 317 2616 Salomonis
327 2563 402 2616 vivus
414 2572 441 2616 et
453 2564 557 2627 efficax,
572 2569 636 2632 et'p.
649 2582 672 2616 o.
685 2582 707 2615 o.
717 2581 743 2633 g.
754 2582 777 2618 a.
792 2583 848 2633 par.
861 2583 888 2616 ιι.
902 2565 945 2617 ad.
956 2566 982 2617 d.
996 2581 1020 2617 a.
1032 2574 1059 2618 et
1073 2584 1094 2618 s.
1131 2562 1225 2624 Quare

167 2681 312 2752 propterte
326 2689 450 2750 etperte
462 2681 547 2734 divisa
555 2680 731 2736 estmaoeries
742 2681 903 2745 animorum,
911 2647 1054 2750 oraeeentia
1063 2683 1223 2751 corporum?

166 2799 209 2850 Tu
221 2799 367 2864 mediatem
388 2806 417 2850 tu
428 2799 502 2868 lapis.
517 2800 667 2868 angularis;
680 2807 718 2859 ,ιιι
737 2799 871 2869 dispersos
885 2800 968 2864 Israel
990 2817 1172 2869 congregans,
1192 2809 1224 2870 tu

168 2918 243 2971 Deus
253 2933 339 2970 nnus:
359 2919 397 2970 ad·
406 2927 432 2969 te
445 2926 472 2970 ot
482 2918 511 2970 in
524 2926 549 2970 ta
562 2925 674 2987 utraque
686 2919 787 2975 taciens
800 2936 900 2976 unum:
922 2937 1002 2989 quare
1022 2920 1061 2972 sic
1072 2919 1139 2971 facis
1147 2921 1158 2971 i
1167 2919 1221 2975 nel

166 3037 191 3090 si
203 3002 343 3102 non-iadis,
358 3055 439 3106 quare
454 3037 558 3106 pateris,
572 3013 717 3094 ut'eeream
735 3037 831 3090 haedo
852 3037 1085 3099 meaadebilitatis,
1102 3045 1134 3088 ut
1147 3053 1223 3106 suam

167 3157 319 3212 columnam
332 3173 379 3208 sua
392 3155 496 3208 deserat
504 3155 582 3218 basis,
593 3163 623 3206 ut
632 3154 688 3206 sine
701 3155 793 3207 Aaron
800 3171 855 3206 non
867 3153 983 3222 Moyses,
996 3154 1042 3206 sed
1054 3160 1116 3225 tuus
1131 3153 1221 3222 miser,

168 3281 280 3345 cogatur
292 3275 422 3326 sustinere
435 3273 595 3344 quaestiones
608 3273 662 3326 sive
675 3272 817 3337 molestias,
831 3271 909 3342 hujus
921 3272 981 3324 talis
992 3280 1119 3340 notam
1131 3271 1221 3346 multi-

163 3395 281 3450 tudinis?
299 3395 345 3446 Pis
355 3395 372 3448 J
373 3411 431 3460 esu,
438 3411 493 3447 non
502 3394 630 3446 sustineat
642 3393 725 3462 pistas
738 3400 784 3444 tus
795 3392 853 3462 sine
863 3391 1044 3459 consolatione
1056 3409 1144 3446 meam
1158 3391 1219 3449 diu.-

164 3514 216 3570 tius
228 3514 401 3584 fragilitatem
412 3513 592 3582 conquassari,
607 3513 663 3564 sine
677 3511 828 3562 visitatione
839 3510 953 3577 fatigari.

177 3645 183 3654 “
197 3633 269 3694 Quid
282 3633 321 3687 ¹est
342 3633 409 3686 hoo?
427 3633 512 3684 Vobis
530 3630 601 3701 coepi
612 3629 734 3714 scribere,
748 3629 824 3682 vobis
836 3628 917 3695 loqui,
926 3634 953 3680 et
963 3627 1001 3678 sic
1012 3627 1040 3680 in
1056 3627 1151 3679 mediis
1164 3644 1220 3683 ser,-

163 3756 288 3808 monibus
300 3771 360 3806 cum
373 3760 448 3806 tanta
460 3769 535 3804 mora
546 3767 619 3803 meas
631 3748 750 3804 miserias
760 3745 997 3805 misericordissimi
1010 3744 1061 3798 Dei
1071 3745 1219 3814 conspecti·

162 3875 212 3927 bus
228 3871 364 3941 explicui?
382 3871 498 3923 Certent
506 3869 627 3932 videatis,
637 3875 708 3920 certe
717 3874 747 3918 ut
759 3865 921 3935 intelligatis,
933 3865 992 3935 quis
1000 3865 1034 3916 sit
1044 3864 1121 3917 dolor
1133 3863 1218 3918 filium

163 3993 266 4044 dextrae
285 3992 414 4053 amittere,
429 3998 455 4042 et
475 3993 525 4040 ned
548 3987 650 4050 saltem,
674 3986 780 4038 sublato
799 3985 910 4053 Joseph,
933 3983 1074 4054 Benjamin
1095 3982 1217 4034 retinere.

161 4111 316 4170 Quinimmo
328 4117 359 4160 ut
372 4107 459 4162 Deum
471 4105 551 4158 totius
563 4102 750 4157 consolationis
768 4101 835 4152 meis
856 4099 1041 4168 compatiendo
1062 4099 1219 4153 moeroribus

163 4230 268 4282 dulcius
282 4234 310 4279 et
320 4226 444 4279 obnixius
455 4241 503 4294 pro
515 4241 557 4276 me
571 4220 703 4339 restoretils.2
734 4219 782 4275 Est
794 4219 865 4272 enim
877 4217 1009 4287 benignus
1019 4218 1123 4290 piorum
1139 4232 1221 4290 exara-
