3100 5192
338 671 373 720 44
799 688 825 724 o.
846 685 960 724 bunaria

341 815 412 862 certe
424 807 639 862 sollicitudinem.
677 805 729 862 Sed
748 809 855 879 qualem
879 810 922 864 vel
946 809 1094 880 quantumi
1128 808 1193 862 Sine
1211 808 1294 863 dubio
1313 826 1400 882 quan·

338 937 394 984 tam
406 929 535 995 Christro,
549 929 655 1000 qualem
668 929 772 984 Pctrur.
809 931 929 984 Christus
941 931 1013 984 enim
1025 929 1114 1000 diligit
1122 946 1206 1000 usque
1215 930 1251 984 ad
1262 940 1394 998 mortem;

336 1049 422 1120 parcit
430 1045 523 1104 Petrur
535 1049 681 1104 secuudum
690 1051 822 1122 triplicem
834 1051 991 1122 partionem.
1027 1049 1123 1104 Verbis
1134 1066 1251 1121 namque
1271 1058 1298 1103 et
1306 1068 1397 1105 exem·

337 1168 389 1240 plia
398 1177 424 1222 et
433 1170 567 1246 miraculir
573 1169 648 1240 pavit
656 1170 758 1223 animas
768 1169 862 1223 fideles
870 1169 974 1224 Petrus.
988 1169 1051 1222 Non
1060 1169 1168 1223 omnino
1177 1168 1287 1222 cuilibet
1295 1173 1398 1240 pastori

339 1289 504 1360 impossibile
516 1297 556 1342 eat
567 1288 695 1361 pabulum
708 1289 792 1344 divini
803 1289 877 1344 verbi
886 1290 978 1343 ombus
991 1306 1047 1343 suae
1059 1307 1131 1343 curae
1149 1306 1292 1360 apponere,
1306 1308 1396 1345 exem·

338 1411 385 1481 pla
402 1410 474 1465 bona
499 1410 689 1478 demonstrare,
709 1411 756 1466 ced
781 1429 863 1483 grave
888 1411 967 1465 valde
1001 1418 1041 1465 eat
1073 1410 1202 1465 miracula
1227 1411 1397 1484 antiquorum

340 1534 506 1587 resuscitare.
544 1533 651 1593 Quidni
671 1551 751 1604 supra
782 1532 903 1586 homines
932 1531 1012 1604 hujua
1041 1531 1168 1604 temporis
1198 1532 1232 1585 rit
1262 1542 1391 1603 praeatare

338 1654 515 1708 miraculum?
552 1653 733 1708 sufficitnobia
745 1653 827 1707 lidcle
838 1652 1077 1725 propugnaculum.
1113 1652 1197 1706 Vobis
1209 1653 1343 1723 siquidem
1363 1655 1391 1708 in

339 1775 417 1830 Petro
430 1776 531 1830 dictum
554 1785 608 1842 ert;
629 1775 711 1858 Parcev
735 1793 819 1846 agnon
838 1793 919 1841 maor,
933 1793 999 1828 rana
1018 1775 1121 1830 scilicet
1142 1776 1274 1831 doctrina.
1311 1778 1396 1832 Vobis

337 1913 428 1951 rurant
452 1897 554 1952 dictum
584 1897 770 1952 ect21nfirma
800 1896 895 1950 fratrea
926 1905 996 1962 tuor,
1028 1897 1103 1951 bono
1133 1897 1227 1970 utique
1257 1900 1395 1971 exemplo:

338 2017 512 2074 nihilominus
524 2019 613 2074 elaver
633 2019 710 2090 regni
729 2018 859 2073 coelorum
871 2017 976 2084 tenetis,
992 2025 1024 2072 ut
1038 2017 1131 2072 hoedoa
1150 2017 1301 2072 excludatis
1317 2027 1397 2092 etag-

339 2159 388 2194 nos
400 2141 556 2196 admittatis.
594 2141 707 2195 Interim
725 2141 754 2193 in
772 2158 838 2211 agro
855 2138 951 2193 mundi
969 2139 1033 2192 dum
1051 2155 1137 2210 agnus
1156 2148 1183 2193 et
1200 2139 1297 2194 haedur
1316 2140 1396 2194 timul

340 2261 470 2327 habitant,
483 2261 578 2315 haedur
589 2262 714 2334 injustior
732 2261 872 2316 extollitur
889 2269 917 2316 et
934 2279 1020 2332 agnus
1037 2262 1206 2316 innocentior
1220 2263 1388 2334 opprimitur.

337 2383 410 2436 Dum
423 2382 494 2436 anim
506 2382 626 2454 superbit
635 2382 700 2455 imp.
713 2381 732 2434 i.
750 2400 777 2453 p.
815 2382 996 2442 Quamobrem
1009 2382 1139 2447 Rebecca,
1159 2382 1189 2436 id
1206 2391 1247 2436 ert
1263 2383 1393 2455 patientia

337 2505 456 2560 ecclesiae
476 2503 602 2558 adversus
619 2503 766 2570 Abraham,
786 2503 815 2556 id
833 2512 873 2556 eat
888 2511 1008 2576 pactores
1024 2521 1093 2568 auor,
1119 2503 1293 2574 conqueritur
1321 2504 1393 2576 quod

337 2628 454 2682 Irbmael
466 2627 613 2682 secundum
626 2644 733 2680 carnem
750 2626 828 2680 ludat
839 2644 900 2680 cum
918 2625 995 2680 Isaac
1012 2624 1188 2697 promotionis
1206 2625 1270 2680 filio.
1310 2627 1391 2699 Cujua

335 2748 508 2817 querimonioe
518 2747 638 2800 divinum
652 2746 775 2817 jungitur
787 2745 951 2814 mandatum,
963 2745 1042 2810 Ecce,
1061 2745 1192 2816 inquient,
1205 2746 1340 2813 ancillam,
1364 2755 1391 2802 et

335 2869 355 2922 f.
369 2887 392 2923 c.
430 2867 550 2933 Utinam,
564 2867 744 2921 amantissime
761 2874 845 2938 pater,
861 2855 978 2921 lamahel
995 2874 1117 2920 noatrum
1130 2868 1211 2939 juxta
1227 2867 1389 2922 mandatum

338 2991 447 3045 Domini
465 2990 547 3064 Papae
559 2990 710 3064 ejecissetis.
747 2990 808 3044 Fiat
825 2998 915 3044 tamen·
932 3008 987 3044 non
1004 3007 1072 3055 mea,
1091 2989 1139 3044 ced
1155 2996 1243 3044 vestra
1254 2989 1386 3044 voluntas.

333 3116 486 3171 Sacrarium
498 3133 595 3188 nempe
607 3121 768 3170 recrotornm
780 3122 929 3169 vestrorum
941 3114 1083 3186 impudens
1094 3123 1270 3187 persequutor
1280 3131 1335 3168 non
1347 3123 1386 3170 at·

334 3240 445 3308 tingam,
458 3237 505 3290 red
513 3235 798 3307 humilir‘rupplicator
808 3235 926 3290 fortassis
941 3237 1022 3308 longa
1036 3245 1157 3310 tempora
1169 3239 1295 3295 resarciet
1309 3239 1389 3312 plena

333 3366 360 3411 et
371 3357 490 3429 perfecta
497 3356 611 3427 justitia.

473 3608 505 3659 1⁵
525 3603 648 3658 EIDEM
667 3603 774 3656 IDEM.
811 3603 856 3656 Dr
869 3621 1013 3659 turcorum
1033 3621 1229 3660 cnarrrunrnu.

437 3746 567 3783 sammon
587 3743 696 3779 orama
716 3740 750 3778 nr
770 3740 890 3778 rancura.

330 3824 375 3917 si
386 3847 543 3921 patientiam
563 3861 702 3898 monemur
728 3860 777 3915 pro
794 3845 962 3899 contumeliis
977 3845 1130 3918 rependere,
1145 3845 1210 3915 quid
1228 3861 1277 3916 pro
1297 3845 1384 3914 gratia

328 3973 380 4028 niti
397 3970 518 4043 gratiam,
531 3975 589 4022 tum
600 3967 660 4038 lege
680 3973 793 4031 naturae,
810 3973 873 4044 ‘tum
890 3974 1025 4038 praecepto
1045 3967 1128 4038 ipsius
1144 3967 1240 4037 gratiae
1256 3966 1384 4020 debemur

327 4093 457 4150 redderet
493 4091 535 4156 Et7
550 4091 572 4144 si
583 4088 704 4144 inimicos
711 4087 838 4159 jubemur
849 4104 947 4154 amare,
960 4087 1052 4143 amicir
1065 4089 1129 4160 quid
1140 4087 1270 4142 babemus
1278 4087 1384 4140 faceret

328 4216 413 4270 Credo
425 4223 553 4285 tanquam
564 4211 681 4265 animam
690 4215 811 4263 noctram
823 4208 965 4280 succipere.
1000 4208 1080 4262 Certa
1091 4206 1274 4283 veroperl'ecti
1286 4206 1383 4260 amoris

324 4337 384 4390 haec
403 4344 443 4388 est
460 4333 620 4396 testificatio,
642 4330 664 4382 si
680 4330 790 4384 utilitati
805 4329 953 4383 amicorum
975 4329 1063 4384 omnic
1080 4337 1245 4400 proponatur
1264 4327 1381 4383 occario.
