3100 5192
494 482 647 536 Dsavsnsrs
667 498 812 536 srrsroca.
1183 486 1223 535 29

164 637 279 709 regitur:
311 637 357 690 illa
381 655 443 691 uero
462 638 598 692 abusione.
636 638 687 692 llla
704 638 732 690 in
751 638 861 691 veritate
881 637 1007 703 ambulat,
1027 638 1139 692 monstri
1157 657 1226 692 vero·

165 759 245 832 hujus
259 758 339 812 facies
349 757 448 812 blanda
460 767 490 811 ut
501 758 624 830 decipiat,
639 758 723 812 sedin
736 757 924 830 posterioribus
935 757 1087 812 circumfert
1096 757 1218 812 aculeum

167 878 312 950 scorpionis
326 887 354 931 ut
366 877 487 949 perimat.
524 877 650 931 Mentum
668 876 829 949 simplicium
847 877 1032 948 apprehendit,
1046 877 1094 930 sed
1112 876 1225 947 inguina

167 997 237 1050 ferit.
274 997 375 1051 Cohors
385 1005 413 1051 et
421 997 543 1050 tribunus
552 1013 697 1068 synagoga
710 996 879 1067 peccantium
891 995 971 1068 hujus
982 996 1160 1068 principatum
1171 997 1221 1051 sibi

168 1118 278 1172 assumit
288 1117 316 1170 in
328 1124 408 1188 caput
420 1125 446 1170 et
459 1135 557 1188 regem,
572 1126 599 1170 et
610 1117 712 1188 respuit
724 1133 804 1188 super
815 1116 915 1171 mulam
928 1117 998 1187 regis
1015 1135 1108 1171 verum
1122 1117 1222 1171 Salom-

169 1258 256 1295 onem.
293 1239 483 1311 Opeccatum!
503 1238 683 1309 Oiniquitael
711 1239 847 1304 Paterno,
861 1240 1001 1311 pstermi!
1031 1257 1123 1292 currus
1137 1236 1225 1293 lsrael

172 1368 200 1414 et
216 1359 309 1430 auriga
328 1358 400 1431 ejus!
419 1375 474 1413 non
493 1359 569 1412 sileat
581 1359 713 1414 seltsmin
732 1377 777 1414 are
794 1367 882 1414 vestro
900 1360 1007 1431 spiritus
1018 1359 1084 1431 justi
1100 1359 1219 1423 Nathan,

170 1497 224 1534 non
237 1479 306 1532 sinat
318 1478 375 1532 fieri
387 1486 490 1532 tanturn
503 1479 579 1532 nefas
591 1479 619 1532 in
633 1479 717 1532 Israel
730 1479 791 1532 Dei.

206 1602 346 1672 Sceptrum
359 1615 476 1669 namque
487 1599 563 1670 regni
575 1599 708 1670 superflua
720 1600 807 1652 carnis
820 1598 997 1653 delectatione
1009 1598 1145 1651 obtinente
1163 1615 1225 1669 quae

171 1737 225 1792 pax
238 1737 317 1791 super
330 1718 434 1775 Israeli
453 1718 539 1772 Immo
553 1736 612 1790 quae
622 1718 684 1792 jura
695 1737 751 1773 non
771 1719 978 1774 subvertuntur?
996 1736 1057 1789 quae
1074 1718 1147 1788 leges
1164 1726 1234 1771 non³

172 1841 364 1896 obliterantur?
382 1859 443 1912 quae
462 1841 530 1895 ratio
547 1860 602 1896 non
619 1842 761 1896 exulaturl
779 1832 847 1913 quae'
859 1842 943 1894 virtus
961 1858 1014 1894 non
1034 1839 1223 1893 confunditurl

173 1977 234 2032 quae
252 1960 316 2015 boni
336 1961 436 2032 species
453 1979 509 2015 non
530 1963 695 2016 suffocatur?
713 1963 785 2033 quod
803 1979 888 2033 genus
907 1961 1002 2016 erroris
1019 1978 1074 2014 non
1093 1960 1227 2013 extollitur

173 2096 254 2150 super
266 2095 344 2132 omne
357 2079 430 2149 quod
441 2079 539 2133 dicitur
551 2080 625 2133 Deus
637 2086 683 2132 aut
694 2079 765 2151 quod
775 2080 888 2134 coliturl
905 2078 975 2133 Haec
985 2077 1226 2148 estradixpeccati,

171 2198 253 2253 totius
264 2197 410 2266 honestatis
423 2198 503 2263 tinea,
514 2198 591 2252 fovea
600 2199 734 2264 vitiorum,
743 2206 839 2271 puteus
848 2199 1010 2265 daemonum,
1019 2215 1118 2268 vorago
1128 2198 1229 2251 anima·

173 2337 242 2374 rum.
262 2317 411 2383 Recludite,
421 2319 538 2383 obsecro,
550 2317 678 2371 recludite
686 2320 770 2372 teram
780 2317 859 2371 istam
868 2335 929 2389 quse
939 2316 1158 2388 devoratJoseph
1167 2333 1228 2369 nos-

174 2451 253 2508 trum,
267 2441 309 2495 vel
321 2441 410 2514 potius
421 2441 490 2496 filios
500 2441 518 2495 J
521 2442 587 2495 acob
599 2449 625 2494 et
635 2441 746 2513 loseph.
783 2442 860 2496 Certe
872 2441 985 2494 nimium
996 2440 1106 2493 effertur
1115 2446 1141 2492 et
1149 2445 1228 2509 rupto

175 2559 307 2633 propositi
318 2578 348 2614 ac
360 2560 494 2632 religionis
506 2560 632 2631 repagulo
644 2578 729 2631 usque
741 2559 776 2613 ad
786 2567 1037 2613 sanctasanctorum
1047 2558 1229 2612 cluniacensis

176 2680 277 2736 ordinis
298 2679 402 2750 imperii
419 2679 461 2731 sui
478 2678 545 2732 lines
562 2697 709 2751 propagare
727 2687 849 2733 conatur.
885 2679 940 2733 Ubi
960 2679 1030 2733 enirn
1048 2679 1105 2733 sine
1122 2665 1231 2732 licentia

177 2817 272 2855 carnes
290 2801 473 2867 comeduntur,
486 2817 576 2854 noune
594 2801 663 2854 Adae
680 2799 866 2872 'praevaricatio
884 2800 1054 2855 renovaturi·
1069 2815 1158 2854 nonne
1176 2800 1231 2852 voti

176 2930 203 2975 et
215 2929 315 2975 sanctes
323 2920 495 2975 institutionis
504 2920 644 2992 paradisus
654 2921 785 2975 violatur?
802 2920 998 2992 nonnelegitur
1006 2921 1078 2992 quod
1089 2920 1234 2974 inebriabo

176 3039 289 3110 sagittas
311 3057 347 3092 m.
372 3056 393 3091 s.
419 3048 446 3091 et
470 3056 496 3108 g.
522 3057 558 3091 m.
582 3038 608 3091 d.
634 3040 665 3091 cl
691 3038 844 3092 Sanctitatis
862 3038 1033 3108 opprobrium
1051 3046 1078 3090 et
1094 3038 1232 3108 religionis

179 3158 343 3214 abominatio
363 3165 411 3222 est,
430 3174 484 3211 non
509 3155 616 3227 quidem
631 3173 724 3209 carnes
742 3155 829 3222 edere,
849 3155 973 3209 sericum
992 3156 1121 3226 sanguine
1138 3157 1232 3211 inobe-

177 3279 285 3334 dientia.
335 3277 414 3331 Unde
427 3293 443 3329 a
455 3275 587 3347 sanguine
599 3282 625 3329 et
638 3274 775 3329 suffocatis
784 3275 861 3347 jubet
872 3276 918 3330 lex
934 3277 1083 3330 abstinere:
1115 3295 1131 3331 a
1150 3277 1232 3331 suffo-

181 3397 249 3452 catis
260 3414 315 3451 non
327 3395 451 3461 abstinet,
465 3395 512 3466 qui
523 3394 614 3448 furtim
627 3393 704 3450 edere
716 3411 770 3448 non
785 3396 868 3449 timet.
906 3395 1027 3450 Pericula
1039 3413 1155 3468 namque
1165 3414 1235 3469 pra-

182 3517 299 3572 latorum
308 3515 375 3570 fiunt
385 3515 807 3587 transgressorescommissorum,
832 3515 964 3569 Vesorum
972 3517 1095 3570 custodes
1103 3534 1237 3571 sacrorum

179 3637 336 3710 puniuntur,
346 3653 429 3708 quum
440 3636 605 3708 negligentia
613 3653 661 3689 sua
669 3636 702 3689 de
710 3636 811 3706 templo
819 3634 929 3689 Domini
936 3643 1106 3705 asportantur
1113 3643 1140 3688 et
1149 3653 1235 3706 nsque

182 3759 320 3813 admanus
330 3757 537 3812 concubinarum
545 3757 615 3828 regis
622 3756 781 3828 Babylonici
788 3756 972 3810 humiliantur.
1004 3742 1185 3827 Sapeatiorem
1194 3773 1237 3808 me

185 3897 241 3935 non
248 3880 339 3946 doceo,
345 3879 503 3934 sanctiorem
510 3895 565 3932 non
572 3878 685 3943 instruo,
691 3877 878 3931 ferventiorem
886 3895 941 3932 non
949 3877 1045 3943 excito,
1054 3876 1239 3930 studiosiorem

187 4019 242 4056 non
254 4017 378 4072 provoco,
393 4001 439 4055 sed
450 4003 559 4055 timores
572 4019 644 4054 meos
656 4000 804 4066 manifesto,
819 4000 866 4054 sed
876 3999 979 4054 dolores
989 4000 1089 4070 aperio,
1099 3998 1146 4051 sed
1155 3997 1246 4050 conri-

185 4121 251 4175 lium
261 4138 360 4192 quaero,
370 4121 417 4175 sed
425 4119 556 4175 evadendi
565 4120 685 4174 semitam
693 4119 834 4190 interrogo.
849 4117 938 4173 Audio
945 4117 1079 4192 principes
1086 4116 1177 4188 populi
1187 4133 1241 4170 sus«
