3100 5192
306 518 358 568 100
745 512 779 564 G.
799 514 919 567 Asanrrs
939 520 943 541 ¹

304 669 430 723 mulatio:
450 668 497 722 aed
508 668 560 722 hoc
572 667 622 721 erit
633 667 803 740 impossibile.
839 666 911 729 Quid
923 666 1019 738 igitur?
1040 664 1141 736 Dirige,
1152 664 1270 718 Domine
1283 664 1360 717 Deus

302 806 386 855 meus,
404 788 433 842 in
451 795 596 860 conspectu
615 794 662 843 tuo
678 788 748 842 dam
765 804 861 841 meam.
898 786 970 847 Quid
987 784 1119 855 inquam?
1144 782 1189 838 Da
1206 800 1358 837 sermonem

301 916 404 964 rectum
417 909 523 963 etbene
535 916 673 964 sonantem
686 906 714 962 in
727 926 757 962 os
774 925 873 962 meum.
912 906 1060 977 Hucusque
1077 904 1149 959 satia.
1185 903 1257 957 Nam
1272 903 1360 975 parie-

300 1037 355 1083 tem
367 1030 491 1083 litcarum
502 1029 600 1095 rodere,
610 1046 645 1083 ne
657 1028 745 1083 dicam
754 1029 912 1100 impugnare
926 1043 1020 1099 parco:
1040 1026 1121 1079 rimas
1133 1031 1237 1079 tantum
1245 1032 1272 1076 ct
1280 1040 1361 1094 quaa-

299 1148 362 1202 dam
372 1148 499 1203 scissuras
511 1166 559 1220 per
571 1148 711 1203 circuitum
724 1147 899 1202 obambulans
911 1146 1030 1217 designo,
1039 1145 1087 1199 sed
1096 1152 1122 1197 et
1131 1145 1247 1215 resigno.
1283 1144 1358 1197 Nam

298 1266 371 1339 quod
382 1266 497 1321 fractum
509 1274 558 1331 eat,
572 1266 660 1339 siquid
673 1275 762 1319 tamen
778 1228 891 1320 fractum
905 1275 953 1331 est,
967 1266 1038 1320 malo
1050 1265 1178 1319 resarcire
1192 1282 1273 1336 quam
1286 1282 1360 1318 nova

304 1384 404 1438 damna
415 1386 511 1439 facere.
547 1386 607 1439 Fiat
617 1402 680 1458 pax.

325 1721 369 1771 44.
389 1718 442 1772 AD
459 1720 675 1773 NICOLAUM:
695 1718 941 1773 OPPOSITORIA
960 1716 1045 1769 SIVE
1065 1716 1331 1771 RESPONSORIA.

756 1864 811 1917 Suo
829 1881 904 1917 suus.

331 1982 422 2038 Bestia
435 2002 496 2054 quae
509 1986 625 2056 tetigerit
642 1994 769 2051 montem,
789 1984 959 2057 lapidabitur.
1003 1984 1158 2049 Cacumina,
1175 1983 1356 2048 dilectissime,

300 2103 436 2157 literarum
444 2112 550 2159 tuarum
560 2104 588 2157 in
600 2112 700 2157 tantam
710 2104 823 2157 nubium
832 2104 991 2158 densitatem
1001 2103 1140 2156 sublevata
1149 2120 1206 2156 sese
1215 2102 1357 2173 recipiunt,

301 2221 376 2293 qnod
388 2223 526 2275 conatibus
535 2222 701 2275 difficillimis
710 2224 756 2275 vix
766 2240 879 2276 acumen
887 2222 1019 2276 luminum
1027 2239 1148 2275 meorum
1160 2221 1357 2293 quoquomodo

305 2339 456 2392 admittant.
492 2340 573 2393 Nunc
596 2340 667 2393 enim
684 2341 758 2393 volas
776 2349 804 2394 et
821 2339 951 2412 praevolas
969 2341 998 2394 iu
1016 2339 1179 2393 sublimitate
1197 2340 1354 2395 cedrorum:

297 2475 370 2511 nunc
381 2458 505 2513 nidificas
516 2460 544 2511 in
557 2458 693 2513 altissimis
706 2454 828 2513 cavernis
840 2459 1031 2525 maceriarum3
1050 2476 1123 2512 nunc
1136 2459 1256 2513 ambulas
1275 2477 1357 2531 super

301 2586 568 2647 penuasventorum3
588 2594 661 2630 nunc
669 2576 785 2649 denique
794 2576 877 2630 cruris
887 2585 914 2630 ct
922 2576 1047 2631 discurris
1055 2575 1360 2649 incomprehensibiliter

307 2714 388 2768 super
398 2705 502 2750 montes
514 2705 671 2751 aromatum.
708 2698 736 2749 Si
747 2697 869 2751 invenias
881 2697 1011 2764 semitam,
1026 2715 1074 2769 per
1086 2715 1167 2768 quam
1185 2697 1362 2752 ambulaverit

303 2817 393 2881 bomo,
406 2816 527 2869 sirenon
540 2817 670 2882 invenias,
683 2817 863 2871 nonmultum
877 2834 962 2871 curas.
998 2817 1056 2871 Nea
1071 2816 1185 2871 mirum:
1214 2834 1277 2871 nam
1294 2824 1357 2871 tuus

303 2935 350 2988 ille
360 2935 462 2989 caeteris
474 2935 630 2990 familiarior
641 2937 743 2989 Seneca
753 2936 893 2989 hominum
904 2934 1013 3007 ingenia
1024 2952 1072 3007 per
1084 2936 1135 2990 tria
1144 2936 1240 2991 dividit
1247 2954 1356 3007 genera.

301 3053 420 3107 Primum
431 3056 508 3126 ponit
518 3064 549 3108 ut
561 3062 636 3108 tuum
648 3056 705 3109 vias
717 3055 768 3108 sibi
786 3054 818 3107 ad
842 3055 1000 3126 comperiret
1018 3072 1186 3125 quaecuuque
1203 3054 1231 3109 in
1247 3056 1358 3127 propria

307 3181 457 3245 penetrare.
495 3175 626 3228 Secundae
639 3175 715 3228 sortis
727 3192 781 3227 non
795 3175 861 3228 adeo
876 3174 948 3244 quod
959 3175 1046 3245 perire
1058 3174 1151 3239 nescit,
1164 3174 1186 3227 ai
1203 3176 1249 3245 qui
1264 3182 1356 3228 tamen

309 3310 368 3345 non
380 3292 541 3345 intumescit.
577 3292 611 3344 In
623 3291 747 3345 felicioris
758 3292 865 3345 tertium
878 3292 991 3345 sortunae
1005 3292 1152 3362 dicitquod
1169 3292 1220 3347 uiri
1235 3302 1357 3348 coactum

305 3417 489 3463 manutactum
513 3408 602 3461 currui
619 3409 770 3479 irrrpositum
790 3409 824 3461 ab
842 3408 937 3462 inertia
956 3427 1005 3462 sua
1021 3410 1131 3463 minima
1150 3411 1313 3467 concalescit
1330 3422 1358 3467 et

255 3561 272 3575 .»
304 3527 387 3582 exilit.
423 3526 497 3580 Huic
509 3545 552 3580 me
564 3527 642 3597 larga
651 3545 734 3581 manu
749 3535 846 3581 natura
864 3527 1001 3598 obligavit.
1037 3529 1157 3583 Primum
1175 3538 1202 3584 et
1217 3531 1298 3588 etiarn
1315 3552 1357 3587 se·

303 3648 421 3702 cundum
431 3646 497 3701 mihi
508 3647 632 3701 invidens
643 3646 791 3717 ingenium,
806 3664 886 3718 quam
899 3647 1105 3714 adstrictissime,
1118 3649 1147 3702 ni
1159 3648 1244 3716 fallor,
1254 3651 1356 3721 obliga-

305 3770 353 3835 vit,
367 3776 394 3822 et
405 3767 526 3821 funiculo
538 3785 594 3820 suae
607 3765 773 3820 dimersionis
784 3768 811 3820 in
824 3766 1009 3820 haereditatem
1022 3767 1188 3822 confirmarit
1199 3771 1357 3839 praeclaram

303 3886 444 3957 sigilloque
452 3884 632 3938 communivit.
668 3883 729 3937 Tibi
737 3883 845 3954 quidem
853 3884 1052 3955 oculonequam
1060 3888 1355 3957 nequaquamiuvideo:

303 4016 421 4064 attamen
433 4006 500 4061 mihi
512 4005 651 4072 condoleo,
661 4006 725 4077 quia
737 4013 836 4078 quanto
849 4025 904 4061 scra
917 4014 963 4061 tua
975 4026 1042 4062 meae
1054 4009 1144 4063 vicina
1155 4009 1256 4065 relucet
1268 4011 1357 4084 splen·

306 4129 402 4195 didior,
414 4135 488 4182 tanto
500 4128 560 4199 ipsa
572 4127 693 4183 sublucet
701 4128 845 4183 obscurior.
882 4127 953 4182 Dum
964 4146 1026 4199 ergo
1035 4129 1162 4200 repagula
1170 4130 1210 4185 ori
1219 4131 1356 4203 induxisti,
