3100 5192
342 722 377 774 48
818 713 853 767 G.
867 729 979 778 sssnrrs

344 865 372 914 et
391 857 472 912 venit.
511 855 622 928 Ignoras
639 871 694 925 qua
712 869 755 908 me
769 853 904 926 reqdirere
919 851 1033 907 debeas?
1050 834 1133 903 Plane
1145 848 1175 902 in
1197 847 1287 902 medio
1307 847 1402 920 populi

343 981 399 1034 mei
410 979 511 1043 habito,
524 989 579 1031 non
592 977 620 1032 in
633 993 736 1032 secessu
748 973 937 1039 silvarumnon
946 973 975 1026 in
985 971 1114 1042 voragine
1126 941 1267 1024 terrarum.
1291 957 1399 1024 ¹Potes·

333 1087 414 1155 'nete
427 1113 555 1155 excusare
585 1106 612 1152 et
637 1098 724 1152 dicere
753 1097 877 1162 Domine,
895 1092 1061 1167 Babylonem
1077 1063 1138 1146 non·
1153 1060 1210 1144 vidi
1230 1099 1257 1144 et
1275 1091 1311 1144 la.
1354 1092 1402 1144 m?

341 1221 399 1276 seo
415 1221 468 1287 hic,
488 1220 540 1285 hio,
560 1229 590 1273 tu
607 1236 712 1272 mecum
731 1217 885 1287 frequenter
900 1212 1000 1281 sedisti,
1027 1189 1164 1278 dormitm,
1193 1213 1277 1267 fuisti.
1312 1211 1402 1266 'l'aceo

344 1343 417 1416 quod
429 1335 572 1412 aliquando
583 1359 640 1414 prae
652 1337 743 1394 multis
755 1339 815 1392 aliis
825 1338 892 1392 locis
917 1346 943 1393 et
960 1337 1037 1391 terris
1049 1307 1184 1390 dilexisti:
1202 1335 1245 1389 bis
1254 1302 1397 1388 verborum

347 1463 480 1520 retiaculis
493 1463 560 1518 alius
573 1463 686 1536 quilibet
698 1463 815 1517 irretitus
827 1472 854 1516 et
871 1429 1040 1533 illaqueatus,
1050 1427 1182 1513 ‘cessante‘
1192 1424 1395 1511 excirsationnm

344 1595 453 1641 suarum
465 1587 576 1652 ratione,
595 1585 731 1640 humiliter
748 1583 960 1638 misericordiam
971 1589 1081 1654 peteret,
1095 1546 1122 1635 et
1133 1579 1295 1652 patientiam
1305 1562 1401 1649 implo-

344 1716 423 1763 raret.
459 1709 628 1761 Attucornu
639 1709 730 1779 legum
742 1727 789 1764 seu
803 1693 1003 1762 dialecticarum
1022 1705 1283 1775 argumentationum
1301 1709 1399 1756 armat-

345 1849 386 1895 us,
399 1830 474 1884 velut
490 1831 539 1883 fila
557 1849 662 1884 araneae
680 1831 730 1883 ista
749 1830 905 1911 contemnis,
924 1837 951 1883 et
980 1830 1008 1881 in
1027 1828 1081 1881 alia
1098 1827 1172 1882 exire
1190 1800 1329 1880 contendis
1346 1823 1399 1878 via.

345 1951 401 2020 Est,
414 1951 511 2025 inquis,
524 1951 590 2005 mihi
608 1951 749 2018 Dominum
761 1960 824 2005 sunt
835 1951 919 2006 etalii
937 1950 1025 2016 amici,
1038 1949 1135 2021 quibus
1147 1949 1237 2003 trahor
1248 1947 1292 2003 vel
1309 1966 1400 2002 neces-

350 2073 429 2128 sitate
449 2073 557 2128 obedire
580 2073 624 2127 vel
632 2071 740 2128 caritate
770 2072 920 2144 providere.
964 2071 1045 2125 Bene.
1089 2071 1188 2126 Nonne
1207 2071 1281 2142 priua
1298 2075 1327 2123 et
1340 2069 1399 2140 plus

346 2191 470 2248 omnibus
489 2195 596 2247 amavi?
612 2195 709 2248 Nonne
722 2194 829 2247 dextras
847 2194 980 2247 societatis
992 2201 1020 2247 et
1029 2193 1089 2265 ipse
1098 2193 1179 2246 dedit
1198 2190 1331 2263 Equidem
1348 2189 1397 2243 tibi

344 2313 420 2366 lucra
436 2311 604 2365 foecundiora
615 2312 687 2383 apud
700 2303 764 2364 alios
776 2312 905 2383 reperisti,
915 2296 1025 2366 sednon
1037 2313 1129 2378 tidem,
1143 2312 1257 2368 sednon
1270 2328 1399 2365 amorem.

346 2430 410 2487 Plus
424 2433 531 2505 quidem
550 2433 657 2500 donare,
676 2450 730 2487 non
749 2411 839 2486 tamen
857 2432 918 2504 plus
936 2451 1044 2505 possum
1061 2451 1159 2488 amare.
1196 2433 1398 2487 Communicavi

346 2554 454 2626 quidem
466 2553 515 2608 t1bi
526 2571 581 2608 non
593 2553 678 2607 solum
690 2553 873 2619 substantiam,
889 2554 936 2608 sed
948 2563 976 2608 et
992 2553 1118 2607 animam.
1155 2553 1222 2636 Non⁴
1232 2562 1272 2607 est
1283 2551 1398 2608 occulta·

345 2685 404 2730 tum
420 2695 448 2730 os
460 2694 549 2730 meum
562 2694 578 2728 a
589 2683 625 2740 te,
638 2693 692 2728 non
711 2675 859 2741 consilium,
872 2694 926 2729 non
940 2676 1055 2747 denique
1064 2675 1260 2747 quantumlibet
1277 2675 1397 2730 remotis·

349 2796 446 2848 simum
459 2813 585 2848 arcanum
598 2803 625 2847 et
636 2795 685 2848 tibi
695 2803 758 2865 post
769 2795 837 2860 haec,
850 2796 893 2848 fili
904 2795 949 2861 mi,
963 2797 1035 2850 ultra
1052 2797 1117 2867 quid
1126 2796 1242 2850 faciam?
1259 2760 1400 2862 Addam,si

343 2921 432 2986 potest
440 2912 511 2979 addi,
531 2913 566 2967 ad
584 2912 709 2966 animam.
745 2913 818 2973 Quid
835 2914 924 2985 inquis
942 2915 1063 2986 quoerisl
1080 2916 1208 2970 Animam
1224 2934 1273 2987 pro
1292 2916 1398 2981 anima,

345 3037 452 3090 oculum
470 3036 619 3106 promulo,
639 3034 747 3088 dentem
763 3053 813 3106 pro
831 3035 919 3101 dente,
938 3053 993 3088 non
1012 3036 1160 3091 eruendum
1177 3037 1224 3090 sed
1241 3035 1400 3106 impenden-

346 3158 474 3224 dum,non
488 3155 689 3232 extrahendum,
703 3155 750 3208 sed
760 3155 959 3209 conferendum.
981 3156 1026 3210 Ad
1035 3155 1182 3210 Dominum
1192 3155 1296 3228 Papam
1306 3157 1399 3228 appel-

343 3275 415 3329 latus
425 3293 483 3328 sum
495 3293 543 3346 pro
562 3274 712 3328 oaemetario
724 3274 815 3327 Sancti
827 3275 947 3329 serenide
960 3277 1144 3330 cantumerula
1155 3276 1228 3348 quod
1254 3278 1398 3331 imminue·

344 3411 374 3448 re
392 3393 434 3446 vel
454 3392 556 3445 auferre
568 3391 645 3445 nobis
657 3390 751 3445 nititur
760 3392 948 3446 canonicorum
961 3402 987 3448 et
998 3395 1112 3449 Abbatis
1123 3395 1203 3450 nimis
1220 3404 1400 3467 praesumptu·

346 3532 393 3568 osa
412 3513 534 3585 superbia
546 3523 638 3568 contre
646 3513 817 3586 privilegium
825 3509 961 3569 Anastasii
969 3513 1059 3587 Papae,
1073 3517 1145 3589 quod
1157 3525 1188 3571 tu
1198 3518 1256 3589 ipse
1264 3517 1365 3584 vidisti,
1373 3526 1400 3572 et

345 3633 443 3708 partim
455 3636 591 3689 fabricasti
600 3643 693 3689 contra
697 3635 743 3707 jus
764 3635 980 3706 antiquissimum
998 3635 1127 3690 nostrum.
1164 3637 1247 3692 Lucoe
1265 3637 1398 3709 Evangel-

344 3765 393 3810 stae
407 3753 540 3810 coarctavi
557 3755 708 3819 terminum,
728 3772 809 3825 quem
827 3754 877 3826 ipsi
896 3756 1077 3824 produxerant
1095 3757 1123 3809 in
1135 3757 1251 3830 primam
1262 3757 1399 3812 Dominio-

343 3907 387 3942 am
400 3889 531 3942 adventus
543 3886 661 3940 Domini.
699 3887 844 3942 Causaista
853 3896 955 3943 tuaest:
969 3889 1058 3960 cogita
1069 3898 1201 3962 tanquam
1218 3897 1294 3974 tuam
1306 3891 1348 3946 sel
1360 3891 1394 3946 de

344 4019 399 4066 tua.
435 4007 498 4064 Non
510 4007 616 4074 vadam,
630 4007 677 4062 sed
685 4006 791 4062 mittam
798 4010 879 4081 juxta
892 4009 1036 4065 consilium
1046 4018 1130 4066 tuum.
1166 4010 1281 4066 Valete!
