3100 5192
334 674 369 727 ῃ
772 668 807 719 G.
826 667 948 719 Aesaris

333 825 463 896 gestionis
475 823 616 877 diabolica
626 823 654 875 in
667 838 699 874 ea
709 838 764 874 non
777 821 892 875 auditur.
930 820 990 871 Hae
1002 826 1072 871 terra
1083 817 1264 871 benedictioni
1273 818 1399 888 proxime

336 955 391 1011 cst;
420 948 488 1009 lrsec,
501 946 620 1014 inquam,
633 943 731 1013 accipit
741 951 870 1011 tauquam
881 940 924 992 lac
937 939 1049 991 duomm
1061 939 1175 991 uberum
1186 939 1302 1009 primam
1314 941 1397 993 bene-

335 1069 479 1123 dictionem
490 1069 519 1119 in
534 1067 733 1138 justificatione,
748 1064 895 1120 secundam
913 1065 941 1117 in
960 1061 1165 1132 glorificatione.
1201 1059 1297 1113 Omnis
1315 1060 1397 1131 igitur

334 1190 414 1261 juxta
431 1187 579 1258 apostolum
597 1186 644 1255 qui
661 1186 740 1239 lectis
758 1194 798 1237 est
816 1186 957 1255 particeps,
976 1182 1048 1237 velut
1066 1183 1100 1235 ab
1119 1182 1247 1235 uberibus
1265 1192 1401 1235 materne·

337 1310 431 1381 metire
444 1316 557 1376 exsugat
569 1308 602 1359 ab
615 1306 669 1358 ista
679 1307 722 1358 lac
737 1306 961 1369 sanctificationis,
976 1307 1009 1358 ab
1025 1306 1072 1358 ills
1088 1304 1286 1358 consolationis.
1333 1302 1401 1357 Hoc

335 1428 409 1481 enim
422 1434 469 1490 cst,
483 1426 557 1496 quod
569 1426 606 1478 sit
618 1426 779 1497 Apostolus:
810 1426 923 1477 Habetis
936 1426 1052 1477 fructum
1065 1432 1182 1478 vestrum
1200 1425 1228 1477 in
1246 1424 1409 1478 sanctifica.

337 1545 447 1610 tionem,
461 1546 544 1599 linem
556 1562 621 1599 vero
632 1546 716 1598 rit'am
727 1554 856 1598 eternam.
906 1546 949 1597 Sic
962 1545 1000 1598 sic
1012 1545 1127 1608 vivitur,
1137 1552 1164 1595 et
1179 1544 1324 1597 in‘talibus
1341 1544 1398 1597 vita

335 1665 460 1736 spiritus:
491 1666 539 1719 sio¹
553 1654 649 1719 vinmt
669 1666 774 1737 parvuli
791 1665 840 1729 tui,
860 1664 983 1719 Domine*
995 1663 1076 1729 Deus,
1096 1666 1130 1717 ab
1148 1665 1230 1718 ubere
1249 1664 1399 1734 praesentis·
1419 1662 1420 1665 ’

335 1786 510 1840 visitationisz
529 1787 567 1839 sic
580 1787 615 1838 ab
627 1786 709 1838 ubere
720 1775 818 1837 fumrae
831 1785 1031 1855 expectationis.

371 1902 442 1954 Haec
452 1901 507 1954 duo
520 1902 589 1954 sicut
599 1900 652 1953 duc
664 1900 769 1954 hinnuli
780 1918 883 1971 capreae
896 1901 1011 1970 gemelli,
1023 1902 1085 1971 quia
1097 1918 1131 1955 ex
1144 1902 1309 1955 abundantia
1318 1904 1399 1956 Divi·
1425 1912 1428 1914 ’

335 2040 380 2077 nte
394 2024 452 2095 jam
463 2022 611 2093 proelibatae
624 2022 773 2075 dulcedinis
787 2010 813 2075 et
826 2031 860 2074 ex
869 2022 1021 2075 indubitata
1032 2022 1190 2075 certitudine
1204 2024 1340 2091 sequentis
1349 2042 1391 2077 re·

336 2142 536 2207 munerationis,
547 2144 605 2213 jam
618 2142 652 2194 ad
665 2142 740 2195 Deus
758 2143 827 2195 sicut
839 2158 931 2195 cervus
953 2142 981 2193 in
1002 2140 1182 2210 aequalitatem
1205 2142 1396 2197 adversitatum

338 2261 550 2324 transcurrimus,
560 2262 618 2330 jam
631 2278 712 2329 super
722 2267 826 2312 montes
839 2266 987 2311 aromatum
999 2258 1159 2309 mundarum
1176 2260 1325 2312 orationum
1337 2278 1397 2331 prae

335 2378 474 2431 alacritate
493 2378 656 2432 transilimus
669 2378 849 2432 exclamantes
869 2394 930 2430 cum
944 2378 1078 2447 apostolo:
1099 2378 1169 2435 Quia
1189 2396 1242 2433 non
1257 2389 1319 2432 sunt
1331 2398 1396 2435 con-

340 2503 430 2574 dignae
441 2502 508 2573 pxh.
521 2511 540 2556 t.
554 2517 578 2555 a.
591 2521 618 2573 g.
631 2520 657 2572 q.
671 2520 693 2555 r.
704 2520 741 2555 m.
754 2521 787 2555 w.
813 2502 894 2573 Cujus
907 2519 930 2554 0.
944 2518 968 2552 a.
980 2500 1084 2565 ‘iratres
1096 2500 1140 2553 lac
1152 2504 1272 2556 esuriatis
1284 2504 1393 2571 haesito;

338 2623 400 2692 quis
412 2621 447 2674 ad
458 2622 591 2675 humanos
602 2638 665 2675 usus
672 2640 725 2674 uon
736 2621 850 2690 simplex
860 2640 867 2684 ;
887 2619 933 2673 sed
946 2619 1018 2671 aliud
1033 2620 1150 2685 ovinum,
1163 2621 1235 2673 aliud
1244 2624 1396 2693 caprinum,

339 2742 412 2795 aliud
424 2734 603 2805 vaccinuma
616 2740 675 2794 Deo
688 2752 805 2794 creatum
818 2741 970 2812 perpendos
986 2750 988 2757 ’
1000 2744 1091 2799 Habet
1103 2756 1129 2798 et
1140 2741 1259 2799 humana
1274 2744 1397 2797 'infantia
1417 2751 1424 2757 “

336 2860 380 2911 lac
392 2860 537 2928 proprium,
552 2867 578 2911 et
591 2857 663 2911 aetati
682 2877 738 2911 suae
751 2876 899 2929 congruum
920 2864 1099 2917 mamillarum
1120 2866 1309 2918 maternarum.
1348 2866 1392 2918 Ex

337 2978 464 3047 qualitate
476 2995 539 3032 vero
551 2952 718 3032 substantiali
731 2980 938 3053 uniuscujusque
950 2984 1037 3051 lactis,
1058 2988 1100 3039 cui
1110 2988 1194 3057 magis
1214 3004 1339 3058 personae·
1349 2986 1395 3039 vel·

338 3100 411 3153 aetati
422 3101 561 3169 quodlibet
572 3102 669 3154 horum
679 3110 822 3172 competat,
834 3112 911 3158 utest
923 3106 1032 3161 difficile
1040 3108 1178 3161 disserere.
1216 3106 1264 3161 Est
1276 3123 1394 3179 namque

337 3220 475 3289 caprinum
487 3207 582 3288 parum
595 3220 761 3285 nutritivum,
774 3212 822 3275 sed
835 3224 900 3275 satis
921 3224 1095 3295 digestivum3
1116 3226 1256 3277 vaccinum
1276 3226 1392 3278 multum

338 3336 504 3400 nutritivum,
518 3335 565 3389 sed
578 3328 674 3389 dunum
687 3340 721 3392 ad
743 3341 934 3411 digerendum3
957 3343 1065 3395 ovinum
1076 3360 1108 3393 ex
1123 3341 1163 3393 his
1176 3343 1262 3394 medie
1276 3354 1397 3398 contem·

337 3462 469 3525 peratum.
505 3458 683 3516 Quamobrem
697 3480 729 3512 ex
743 3462 794 3515 a'ffo
808 3464 883 3527 servi,
899 3481 931 3515 ex
953 3462 1005 3513 alio
1018 3460 1075 3525 filii,
1089 3462 1204 3531 itemque
1216 3480 1249 3514 ex
1262 3462 1315 3516 alio
1332 3480 1395 3534 pas·

343 3580 440 3629 cuntur
452 3575 562 3629 domiui.
600 3579 653 3637 Qui
666 3578 766 3631 domini
780 3581 830 3632 nisi
845 3580 889 3649 qui
909 3579 1079 3632 dominantur
1089 3580 1117 3631 in
1140 3579 1265 3633 universa
1277 3580 1396 3653 AEgypt'c

341 3696 428 3748 caruis
447 3713 511 3749 suae.
549 3698 602 3756 Qui
621 3698 669 3749 filii
690 3700 741 3751 nisi
755 3701 800 3769 qui
815 3682 877 3751 ¹nati
890 3708 953 3753 sunt
975 3700 1008 3753 de
1022 3708 1112 3753 ventre
1131 3700 1242 3769 gratiae?
1260 3702 1312 3760 Qui
1325 3704 1396 3755 servi

339 3814 391 3865 nisi
404 3813 518 3883 quorum
530 3831 624 3866 manus
637 3816 785 3869 servierunt
802 3820 829 3869 in
843 3818 955 3887 cophino
974 3818 1071 3869 veteris
1084 3818 1144 3871 vitae
1158 3818 1168 3872 i
1187 3819 1262 3872 Servi
1283 3822 1396 3874 necessi-

340 3928 397 3982 tate
410 3929 574 4000 indigentiae,
589 3925 643 3983 filii·
655 3936 785 3987 suavitate
797 3934 980 4003 indulgentiae,
995 3934 1095 3988 domini
1107 3936 1263 3991 deliciarum
1282 3938 1396 4009 plenitu

340 4050 411 4115 dine,
425 4051 467 4103 lac
480 4034 558 4103 edere
570 4053 663 4106 solent.
700 4053 811 4105 Utinam
831 4053 897 4105 mihi
908 4054 1042 4125 peccatori
1054 4054 1224 4125 indulgeatur
1236 4058 1277 4110 lac
1300 4060 1395 4121 veniae,

339 4168 414 4221 vobis
423 4169 481 4239 jam
495 4154 609 4239 expiatis
620 4170 662 4221 lac
678 4169 781 4238 gratiae,
795 4169 903 4223 tandem
919 4172 1046 4242 expiratis
1055 4172 1100 4224 lac
1113 4174 1214 4243 gloriae.
1251 4174 1275 4225 0
1292 4174 1393 4227 clarum

338 4275 398 4340 lac!
419 4285 444 4337 0
463 4286 562 4340 suave!
578 4286 606 4337 ‘0
616 4284 781 4357 jucundum!
802 4287 911 4353 clarum,
934 4290 996 4359 quis
1017 4308 1064 4360 per
1085 4290 1191 4343 veniam
1211 4290 1393 4344 transferimur
