3100 5192
534 558 689 611 Dsavsusra
725 558 876 611 Errsroufl.
1205 560 1254 607 113

197 727 251 765 non
265 710 390 765 dicuntur
402 709 532 777 immixta,
547 713 594 765 sed
607 705 842 765 alterum‘alterius
863 709 991 781 qualitate
1005 708 1188 777 corrumpitur.
1219 707 1257 760 si-

199 833 259 901 quis
269 833 340 885 enim
351 834 441 886 vinum
450 834 546 887 fundat
557 834 584 886 in
594 852 674 897 mare,
683 851 739 887 non
749 834 862 886 mixtum
871 840 910 885 est
917 833 1009 885 vinum
1019 832 1085 885 mari
1094 831 1174 884 sedin
1185 848 1256 883 mare

198 962 367 1024 corruptum3
388 953 488 1007 ideirco
500 954 571 1023 quod
585 954 699 1023 qualitas
711 972 788 1025 aquae
801 952 971 1006 multitudine
992 952 1033 1004 sui
1056 950 1172 1021 corporis
1190 949 1257 1002 nihil

197 1096 276 1148 passa
286 1088 351 1132 esta
362 1080 487 1151 qualitate
499 1081 563 1144 vini,
577 1080 624 1132 sed
637 1080 726 1149 potius
737 1079 765 1130 in
780 1098 807 1132 se
820 1080 903 1149 ipsam
919 1079 973 1131 vini
984 1078 1138 1149 qualitatem
1151 1076 1259 1147 propria

198 1199 370 1253 multitudine
378 1200 558 1253 eommutavit.
571 1200 598 1251 Si
609 1217 671 1252 vero
678 1200 731 1251 sint
739 1200 886 1254 mediocres
894 1199 995 1269 sibique
1003 1196 1120 1268 aequales
1127 1195 1168 1248 vel
1178 1195 1258 1265 paulo

196 1316 342 1386 inaequales
353 1326 465 1382 naturae,
480 1334 541 1387 quae
555 1334 571 1369 a
583 1318 705 1371 sefacere
715 1326 741 1371 et
750 1319 807 1388 pati
818 1326 937 1387 possunt,
947 1317 1001 1369 illae
1010 1316 1154 1368 miscentur
1162 1321 1188 1365 et
1203 1330 1257 1365 me-

199 1435 334 1488 diocribus
353 1436 425 1488 inter
448 1453 476 1488 se
494 1436 666 1505 qualitatibus
689 1444 879 1506 temperentur.
918 1437 1007 1504 Atque
1032 1434 1082 1487 hoc
1104 1431 1211 1501 quidem
1231 1430 1258 1481 in

200 1553 353 1623 corporibus
365 1571 452 1623 neque
461 1554 593 1618 omnibus,
607 1554 654 1606 sed
666 1562 770 1607 tantum
780 1571 865 1623 quaea
877 1572 913 1617 se,
926 1559 956 1605 ut
968 1554 1067 1605 dictum
1080 1557 1128 1613 est,
1139 1548 1260 1601 etfacere

202 1677 229 1722 et
240 1671 296 1740 pati
307 1680 418 1741 possunt
432 1672 566 1724 communi
583 1681 663 1742 atque
679 1673 771 1726 eedem
784 1674 895 1725 materie
908 1674 1035 1742 subjecte.
1073 1670 1160 1721 Omne
1172 1675 1260 1719 autem

200 1806 304 1859 corpus,
327 1790 400 1859 quod
411 1790 439 1842 in
459 1791 630 1859 generatione
652 1799 732 1860 atque
752 1790 921 1861 corruptione
944 1790 1069 1852 subsistit,
1093 1802 1260 1840 communem

202 1909 306 1961 videtur
317 1908 416 1961 habere
428 1910 581 1961 materiem:
602 1909 648 1962 sed
660 1927 714 1961 non
724 1928 803 1962 omne
811 1910 844 1961 ab
854 1910 934 1972 omni,
945 1908 986 1961 vel
994 1908 1022 1960 in
1032 1907 1112 1969 omni,
1123 1904 1164 1959 vel
1173 1904 1260 1957 facere

200 2026 302 2095 aliquid
311 2027 354 2079 vel
363 2026 419 2096 pati
429 2034 524 2095 potest.
546 2028 680 2095 corporea
689 2044 752 2079 vero
764 2027 808 2079 vel
816 2028 970 2096 incorporea
979 2026 1054 2079 nulla
1062 2024 1163 2077 ratione
1174 2030 1260 2093 poter-

201 2151 251 2195 unt
258 2143 412 2213 permutari,
421 2144 545 2212 quoniam
558 2142 633 2195 nulla
645 2145 779 2196 communi
789 2145 899 2198 materia
908 2141 1192 2214 subjectaparticipant
1200 2156 1260 2209 quae

205 2262 337 2331 susceptis
349 2261 521 2344 qualitatibus
533 2262 561 2313 in
574 2261 730 2314 alterutrum
742 2271 934 2333 permutentur.
971 2262 1065 2315 Omnis
1077 2261 1148 2315 enim
1167 2266 1262 2311 natura

201 2378 229 2430 in
258 2396 367 2447 corpore
392 2379 547 2431 substantiae
568 2380 641 2433 nullo
662 2381 782 2432 materiae
803 2380 897 2432 nititur
917 2379 1103 2431 fundamento.
1147 2377 1260 2429 Nullum

205 2514 269 2549 vero
283 2514 380 2566 corpus
393 2504 441 2561 est,
456 2497 499 2549 cui
520 2514 575 2549 non
595 2498 629 2549 ait
650 2499 761 2550 materia
782 2499 909 2567 subjecta.
959 2496 1038 2555 Quod
1059 2512 1141 2565 quum
1160 2495 1198 2547 ita
1218 2495 1260 2558 sit,

208 2634 344 2687 quumque
356 2635 391 2670 ne
404 2636 435 2670 ea
448 2617 556 2687 quidem
569 2633 629 2686 quse
645 2634 812 2670 communem
833 2616 971 2669 materiam
989 2615 1145 2668 naturaliter
1160 2614 1262 2665 habent

206 2737 234 2789 in
250 2755 277 2790 se
290 2745 434 2801 transeant,
447 2736 500 2789 nisi
515 2735 568 2788 illis
581 2736 651 2789 adsit
664 2745 783 2807 potestas
798 2736 825 2789 in
847 2725 914 2789 se'et
926 2753 942 2787 a
955 2754 982 2789 se
1003 2734 1119 2787 faciendi
1143 2751 1174 2785 ac
1192 2733 1261 2802 pati-

206 2854 277 2919 endi,
290 2855 374 2907 multo
386 2854 471 2923 magis
482 2854 509 2907 in
525 2872 554 2907 se
573 2872 627 2907 non
649 2862 840 2924 permutentur,
863 2854 958 2925 quibus
977 2871 1030 2907 non
1052 2852 1131 2906 modo
1151 2852 1262 2906 materia

205 2974 353 3025 communis
367 2990 421 3025 non
438 2980 493 3037 est;
513 2974 581 3025 sicut
592 2974 646 3040 alia
658 2991 701 3026 res
721 2974 896 3026 fundamento
917 2972 1011 3025 nititur
1031 2980 1061 3024 ut
1081 2990 1184 3043 eorpus,
1207 2972 1259 3024 alia

203 3090 311 3142 omnino
323 3088 434 3141 materia
459 3090 579 3160 subjecta
590 3108 644 3143 non
657 3098 741 3159 egeat,
755 3098 785 3142 ut
798 3090 989 3160 incorporeum.
1033 3090 1094 3141 Non
1108 3089 1188 3157 igitur
1201 3089 1259 3141 fieri

203 3217 298 3279 potest,
310 3215 342 3260 ut
364 3225 460 3278 corpus
479 3209 507 3261 in
528 3210 692 3280 corporalem
711 3212 828 3280 speciem
852 3218 1024 3281 permutetur,
1044 3228 1094 3262 nec
1116 3228 1178 3263 vero
1200 3211 1259 3264 fieri

209 3336 297 3397 potest
308 3336 339 3380 ut
349 3326 527 3397 incorporalia
538 3346 595 3383 sese
609 3329 797 3382 commixtione
819 3330 909 3399 aliqua
929 3337 1121 3399 permutentur.
1140 3331 1258 3388 Quorum

206 3445 277 3496 enim
292 3446 438 3497 eommunis
450 3447 644 3500 nullamaterie
656 3456 703 3510 eat,
716 3466 766 3500 nec
780 3449 806 3500 in
822 3467 849 3501 se
864 3449 930 3501 verti
944 3466 974 3501 ac
986 3450 1130 3519 permutari
1150 3460 1259 3520 queunt.

205 3560 289 3612 Nulla
300 3566 389 3610 autem
407 3562 628 3630 incorporalibus
645 3567 761 3627 materia
775 3568 862 3618 rebus.
906 3567 967 3618 Non
986 3575 1110 3635 poterunt
1131 3570 1210 3637 igitur
1230 3571 1258 3622 in

205 3676 361 3757 seinvicem
374 3675 513 3729 admisceri
524 3680 567 3731 vel
588 3682 741 3748 permutari.
777 3684 843 3735 Jure
866 3682 946 3752 igitur
966 3684 1079 3753 simplex
1101 3704 1142 3738 res
1162 3688 1260 3757 refugit

206 3812 314 3847 omnem
335 3794 560 3859 commixtionem,
584 3796 646 3865 quia
669 3798 768 3850 nullam
809 3802 836 3852 in
858 3802 976 3869 qualibet
995 3810 1142 3856 creaturam
1164 3807 1259 3875 recipit

208 3911 451 3967 commutationem.
489 3914 558 3967 Item
571 3914 643 3983 quod
657 3932 673 3966 a
686 3916 763 3968 nobis
784 3918 892 3987 ponitur
912 3926 1074 3987 sumptuma
1094 3921 1179 3986 nobis,
1202 3941 1258 3976 rem

206 4041 296 4087 autern
309 4048 391 4083 unam
403 4031 456 4087 duo
468 4034 549 4087 simul
560 4033 603 4086 vel
617 4035 693 4103 plura
706 4037 902 4097 convenientia,
916 4037 1061 4106 aliquando
1074 4039 1101 4091 irr
1121 4059 1149 4093 se
1170 4044 1258 4094 conci-

203 4170 276 4223 pere,
289 4153 423 4203 revertere
436 4158 463 4204 et
475 4158 626 4205 convertere
639 4162 668 4205 ut
679 4170 762 4205 unum
776 4155 838 4218 sint,
853 4154 880 4207 in
893 4156 1038 4224 exemplari
1051 4158 1124 4224 quod
1137 4161 1257 4215 manibus

713 4228 754 4287 24
