3100 5192
321 555 357 604 60
757 548 792 600 G.
813 548 933 600 Aarsrrs

321 723 444 779 supemae
466 706 701 778 contemplationis
721 706 924 780 adjumentuml
964 707 1051 780 Hujus
1072 706 1208 761 humilitas
1226 706 1380 778 superbiam

323 828 464 884 confundit
485 836 612 900 apostatae
631 828 720 899 angeli
738 837 766 882 et
785 828 901 882 hominis
920 828 1072 882 obedientia
1092 828 1164 882 illius
1186 828 1328 899 pendentis
1348 829 1377 881 in

324 968 402 1004 cruce
414 949 512 1003 christi
523 950 654 1003 emulatur
665 949 852 1003 obedientiam.
890 949 944 1003 Iste
956 950 1041 1003 Jacob
1054 948 1212 1003 assimilatur
1232 949 1260 1002 in
1279 950 1380 1003 labori-

325 1069 547 1140 bus,simplicitas
554 1070 570 1123 J
573 1071 655 1141 oseph
662 1069 735 1124 hunc
742 1077 861 1136 exornat,
872 1070 944 1124 zelus
954 1070 1053 1125 ordinis
1062 1070 1090 1122 in
1098 1070 1150 1124 isto
1160 1071 1273 1142 Moysen
1280 1069 1379 1123 reddit.

328 1191 453 1248 ODavid
464 1191 651 1256 mansuetudo,
688 1192 714 1243 0
725 1192 813 1245 femor
833 1191 931 1257 Heliae,
968 1192 992 1243 0
1012 1191 1131 1245 Danielis
1150 1191 1324 1256 abstinentia,
1353 1191 1379 1242 0

324 1312 432 1364 castitas
444 1308 580 1374 Samuelis,
600 1317 634 1373 et,
647 1308 719 1381 quod
730 1311 817 1382 majus
829 1317 876 1375 est,
889 1310 914 1362 O
926 1309 1024 1364 Christi
1033 1309 1135 1376 caritas,
1162 1309 1292 1362 OMeriae
1301 1309 1380 1379 virgi·

325 1430 412 1483 nitasl
431 1430 524 1483 Castra
536 1430 588 1483 Dei
599 1438 662 1483 sunt
672 1431 747 1484 haec:
768 1431 834 1502 quid
848 1431 949 1486 videbis
960 1431 988 1484 in
1002 1430 1138 1484 Sunamite
1149 1436 1203 1496 tua,
1217 1430 1245 1483 in
1255 1429 1379 1483 coccinea

328 1559 383 1616 tua,
396 1550 448 1604 nisi
460 1551 554 1605 choros
566 1552 731 1606 castroruml
765 1551 883 1606 chorum
894 1552 977 1605 alium
989 1551 1066 1606 video
1078 1551 1275 1622 praecedentem
1288 1550 1381 1603 adver-

327 1690 373 1726 sus
383 1672 532 1745 phalangas
542 1673 666 1727 vitiorum
677 1673 921 1739 innumerabilium,
935 1673 999 1726 dum
1010 1673 1060 1726 iste
1072 1689 1126 1725 non
1140 1671 1236 1742 quaerit
1255 1688 1316 1742 quae
1330 1688 1379 1722 sua

327 1801 405 1847 sunt:
424 1793 547 1864 spiritum
556 1794 674 1848 avaritiae
684 1795 833 1864 strangulat
840 1794 889 1846 iste
900 1793 993 1846 mundi
1001 1792 1113 1864 gloriam
1121 1791 1236 1856 calcans,
1247 1790 1379 1861 superbiae

326 1911 477 1985 principem
488 1913 602 1967 suffocat
613 1914 662 1966 iste
675 1931 783 1966 carnem
802 1931 947 1978 macerans,
969 1913 1084 1966 luxuriae
1103 1919 1184 1983 caput
1202 1911 1341 1964 detruncat
1354 1919 1382 1964 et

327 2032 477 2104 cuicunque
488 2033 635 2087 obviaverit
646 2034 758 2105 quisque
770 2033 804 2087 de
817 2034 973 2087 adversariis
993 2033 1049 2088 sine
1071 2031 1252 2086 misericordia
1272 2031 1378 2084 fortiter

325 2153 353 2206 in
373 2171 419 2208 ore
438 2153 522 2224 gladii
540 2161 641 2206 enecat
679 2153 781 2208 Pluunt
800 2154 915 2224 denique
935 2153 1064 2206 instanter
1083 2159 1146 2223 post
1164 2161 1240 2222 terga
1259 2150 1379 2204 hostium

325 2273 438 2343 sagittae,
451 2273 557 2326 vibrant
567 2272 665 2338 hastae,
679 2273 808 2328 frameam
821 2275 971 2339 effundunt,
980 2284 1007 2328 et
1014 2275 1069 2327 sive
1077 2273 1168 2326 leones
1175 2273 1231 2326 sive
1238 2272 1378 2326 unicornes

326 2413 388 2448 cum
400 2393 473 2447 omni
483 2393 568 2477 bestia
577 2393 663 2446 saltus
674 2393 861 2447 exterminant.
897 2396 959 2448 Non
973 2403 1012 2448 est
1021 2395 1149 2448 deficiens
1158 2413 1246 2465 neque
1253 2394 1376 2446 laborans

325 2516 354 2568 in
365 2515 405 2568 iis.
443 2514 475 2567 ln
488 2514 583 2569 dextro
595 2532 678 2568 cornu
689 2515 785 2569 iterum
799 2515 935 2569 considero
947 2515 1030 2569 alium
1042 2516 1069 2568 in
1083 2515 1158 2586 equis
1178 2515 1245 2569 albis
1266 2515 1375 2568 chorum

324 2643 470 2690 certantem
481 2653 535 2690 non
545 2637 602 2708 jam
613 2653 663 2707 pro
674 2637 791 2701 victoria,
806 2637 854 2690 sed
866 2637 900 2690 ad
913 2637 1094 2690 coacervanda
1112 2636 1267 2707 pretiosiora
1279 2636 1378 2689 emolu-

325 2764 424 2821 menta,
437 2773 520 2826 quum
530 2754 587 2827 jam
599 2761 745 2826 praegustat
758 2755 826 2809 elius
843 2756 994 2810 mercedem
1016 2757 1146 2811 labiorum
1168 2774 1287 2820 suorum,
1310 2755 1377 2808 alius

324 2874 439 2945 gratiam
449 2872 581 2926 labiorum
594 2873 773 2944 consequitur.
810 2873 887 2926 Alius
900 2874 933 2927 de
945 2875 1019 2944 ligno
1033 2875 1105 2945 quod
1118 2875 1190 2928 estin
1198 2875 1286 2927 medio
1297 2874 1377 2926 Para-

322 2993 375 3046 disi
387 3000 604 3063 superextensus
616 2992 643 3044 in
656 2992 782 3047 ulteriora
793 2993 931 3048 velaminis
944 3014 993 3066 per
1004 2996 1163 3050 oblivionem
1175 3005 1337 3050 terrenorum
1350 3003 1377 3048 et

326 3115 578 3189 contemplationem
585 3116 733 3170 coelestium
742 3116 805 3170 edit.
832 3116 881 3170 Isti
893 3117 1008 3187 suntqui
1020 3116 1100 3170 stolas
1113 3135 1172 3170 siras
1185 3117 1376 3170 dealbaverunt

323 3237 352 3289 in
364 3236 495 3306 sanguine
507 3235 578 3305 agni,
591 3235 737 3288 resistendo
749 3252 831 3306 usque
845 3236 879 3289 ad
892 3236 1049 3307 sanguinem
1062 3236 1133 3290 vitiis
1154 3245 1181 3290 et
1198 3236 1374 3308 pertingendo

323 3373 407 3426 usque
419 3354 455 3406 ad
466 3354 620 3423 patientiam
632 3355 696 3424 agni
707 3355 845 3436 immolati.
883 3358 921 3411 lli
933 3359 1031 3412 docent
1043 3367 1069 3412 te
1082 3377 1173 3413 areum
1186 3368 1212 3414 et
1232 3361 1372 3430 sagittam:

323 3475 352 3529 hi
361 3473 518 3545 sangrrinem
528 3491 589 3526 uvae
597 3483 624 3528 et
631 3475 698 3527 mori
706 3475 858 3547 propinant.
883 3479 983 3531 Arcum
992 3497 1104 3550 pravum
1113 3480 1155 3532 isti
1163 3499 1216 3534 non
1223 3481 1374 3545 intendunt,

329 3596 378 3649 sed
390 3594 521 3667 spirituali
532 3595 677 3650 subtilitate
691 3598 772 3650 etiam
791 3598 916 3670 capillum
935 3600 1053 3654 minimae
1073 3601 1241 3672 cogitationis
1260 3603 1288 3656 in
1310 3620 1373 3655 arcu

322 3715 438 3788 propriae
450 3715 662 3786 reprehensionis
674 3717 800 3770 citissime
812 3717 919 3771 feriunt.
957 3718 1067 3772 Prorsus
1079 3721 1178 3774 reversi
1189 3729 1251 3774 sunt
1263 3721 1290 3774 in
1303 3720 1372 3774 diem

323 3835 397 3898 belli,
410 3835 474 3905 quia
484 3853 571 3904 neque
583 3836 611 3888 in
623 3835 724 3888 incerto
736 3843 854 3898 comant,
867 3854 954 3907 neque
974 3839 1091 3908 segniter
1110 3840 1213 3894 vivunt.
1250 3841 1296 3894 Ad
1313 3840 1372 3894 brec

320 3962 347 4007 te
358 3954 436 4007 mitto
449 3954 687 4007 commonitorium.
724 3955 824 4008 Omnia
836 3956 907 4010 enim
919 3975 1009 4011 eorum
1022 3969 1194 4015 commonent
1205 3962 1261 4016 sive
1273 3962 1373 4015 confes-

318 4094 364 4130 sus
371 4077 426 4130 sive
435 4074 563 4141 incessus,
573 4076 628 4129 sive
636 4093 722 4130 sermo
731 4076 786 4130 sive
794 4075 936 4145 silentium,
945 4080 1000 4133 sive
1008 4081 1140 4153 jejunium
1152 4083 1208 4136 sive
1219 4081 1370 4153 prandium.

320 4199 389 4251 Ecce
401 4215 437 4251 m.
452 4197 530 4268 clipei
543 4196 662 4268 pendent
673 4214 727 4251 non
739 4197 825 4251 solum
838 4197 873 4251 ad
885 4207 911 4252 te
925 4201 1155 4267 commonendum,
1170 4201 1217 4254 sed
1238 4201 1318 4254 etiam
1338 4199 1373 4252 ad
