3100 5192
332 603 384 653 120
808 599 840 652 G.
862 599 983 652 Asseria

332 755 361 807 in
374 755 427 806 imo
440 755 563 806 deorsum
585 771 660 823 opus,
673 753 732 806 leve
746 753 853 822 quidem
867 771 915 822 per
928 753 1058 817 meritum,
1072 752 1118 804 sed
1130 767 1211 821 grave
1226 769 1275 822 per
1295 768 1387 804 exces-

334 891 402 926 sum.
452 873 549 925 Officio
563 872 677 924 vicarius
689 872 794 939 Christi,
809 889 887 941 opere
900 890 990 925 servus
1010 873 1144 942 corporia3
1158 871 1248 924 officio
1268 871 1389 924 medicus

334 995 492 1057 animarum,
515 1011 595 1063 opere
618 1000 755 1061 corruptor
770 1009 882 1055 morum,
901 992 988 1044 officio
1011 999 1126 1055 sanatus,
1152 1009 1232 1062 opere
1254 1000 1389 1062 peccator,

335 1115 425 1170 officio
445 1124 566 1169 sanctum
591 1118 779 1184 Augustinum
802 1133 880 1186 opere
905 1115 1004 1166 mulum
1026 1131 1132 1166 servum
1151 1113 1276 1177 retinens,
1297 1131 1313 1164 a
1338 1132 1393 1184 quo

336 1236 363 1279 et
375 1227 445 1298 quod
458 1226 538 1280 habat
551 1227 683 1278 auferetur
696 1229 729 1279 ab
751 1246 790 1279 eo.

1149 1584 1168 1652 t

408 1712 452 1759 so.
491 1705 668 1758 rrrsrom
689 1702 800 1756 antor
822 1701 874 1754 Au
892 1699 1046 1755 immun
1067 1701 1117 1754 oa
1134 1701 1320 1756 nurcrrm.

693 1825 749 1874 Soo
765 1839 838 1885 sous,
859 1839 964 1873 sauros
983 1839 1055 1873 suus.

376 1944 402 1996 A
413 1951 484 1996 retro
500 1943 588 2011 longis
607 1941 771 2011 temporibus
788 1950 896 2011 paetum
915 1940 1046 1992 internos
1070 1941 1194 1994 amicitiae
1212 1950 1392 2012 compactum,

343 2065 421 2117 durat
433 2070 543 2118 eatenus
555 2064 583 2114 in
596 2063 685 2131 vigore
697 2079 745 2114 suo
757 2079 861 2130 semper
872 2078 971 2112 novum
984 2069 1011 2112 et
1028 2060 1142 2123 firmum,
1155 2068 1185 2112 ut
1201 2061 1254 2113 sint
1268 2061 1293 2113 ei
1305 2079 1398 2117 succe-

343 2183 463 2234 dentium
481 2183 630 2235 seculorum
650 2189 784 2233 momenta
801 2179 913 2248 singula,
933 2179 1097 2231 incrementa
1114 2179 1225 2244 virtutis,
1242 2196 1297 2233 non
1314 2181 1397 2235 detri-

344 2308 435 2351 menta
457 2300 609 2352 senectutis.
659 2299 735 2349 Basis
761 2315 877 2366 namque
904 2296 1039 2367 supposita
1068 2297 1199 2349 columnae
1223 2306 1322 2351 nostroe
1346 2317 1398 2353 nec

345 2419 503 2472 titubatione
520 2417 610 2488 aliqua
626 2416 741 2481 vacillat,
755 2433 805 2468 nec
827 2424 957 2470 vetustate
970 2417 1105 2487 putrescit.
1142 2417 1248 2475 Quarel
1266 2418 1336 2476 Quia
1347 2436 1399 2472 nea

346 2538 459 2590 casualis
472 2545 512 2590 est
524 2537 604 2589 etiam
622 2536 758 2606 repentine
781 2536 844 2588 ortis
865 2536 1035 2588 affectionum
1055 2531 1263 2604 evagationibus,
1278 2554 1327 2589 nec
1340 2555 1399 2591 cor·

345 2657 486 2727 ruptibilis,
510 2656 648 2708 materiam
667 2655 769 2706 habens
787 2654 816 2705 in
833 2654 874 2707 his
893 2671 953 2723 quae
970 2653 1069 2706 amicos
1086 2653 1200 2723 fingunt,
1218 2671 1273 2707 non
1287 2655 1399 2710 faciunt.

348 2777 422 2828 Deus
435 2785 474 2827 est
494 2774 605 2827 materia
619 2773 702 2825 nostri
722 2774 826 2836 amoris,
840 2774 965 2826 honestas
985 2773 1106 2839 intentio,
1119 2773 1218 2827 utilitas
1237 2775 1265 2827 in
1283 2775 1400 2828 invicem

345 2895 391 2965 pia
405 2893 559 2946 consolatio.
604 2891 721 2944 Materia
738 2892 818 2954 bona,
837 2892 950 2945 intentio
969 2909 1038 2957 cara,
1060 2893 1160 2945 utilitas
1178 2895 1338 2946 necessaria.
1374 2898 1402 2948 A

346 3013 458 3066 materia
470 3028 608 3081 nunquam
623 3010 819 3075 recedendum
839 3011 980 3063 intentioni
997 3029 1101 3082 semper
1117 3011 1309 3078 insistendum
1328 3013 1402 3066 utili-

347 3132 396 3185 tati
408 3131 512 3185 assidue
523 3131 725 3184 attendandum.
762 3131 826 3182 Siue
842 3131 954 3183 materia
971 3131 1061 3183 omnia
1076 3139 1137 3183 sunt
1151 3148 1232 3196 cassa
1246 3131 1303 3184 sine
1315 3132 1405 3185 inten-

350 3252 422 3308 tione
435 3267 552 3314 erronea,
567 3249 750 3301 sinetutilitate
767 3248 910 3318 superflua.
948 3248 1072 3302 Materiae
1091 3248 1215 3302 nobilitas
1234 3250 1315 3302 etiam
1327 3251 1404 3320 igno-

348 3368 413 3420 bilia
425 3367 533 3436 ingenia
555 3364 699 3418 foecundat.
738 3365 880 3417 Rectitudo
900 3366 1054 3420 intentionis
1066 3377 1093 3420 et
1114 3368 1260 3438 caligantes
1279 3368 1403 3424 illustrat.

352 3483 466 3535 Fructus
490 3483 611 3535 utilitatis
628 3482 708 3535 etiam
726 3500 828 3534 merces
851 3484 958 3536 excitat.
1008 3484 1123 3537 Materia
1146 3485 1266 3555 gloriam,
1290 3487 1403 3541 intentio

350 3601 448 3667 lucem,
463 3603 563 3655 utilitas
583 3601 764 3654 subministrat
777 3610 895 3654 eternam
914 3602 1119 3673 jucunditatem.
1158 3601 1190 3655 In
1211 3603 1261 3658 hac
1283 3606 1402 3670 materia,

352 3721 508 3785 intentione,
528 3729 556 3773 et
575 3720 697 3783 utilitate,
713 3720 833 3773 libellum
854 3722 952 3774 amoris
971 3721 1054 3774 nostri
1073 3721 1199 3791 explicari
1223 3721 1353 3788 desidero,
1375 3734 1405 3777 ut

351 3839 419 3890 nihil
443 3847 542 3908 praeter
561 3839 698 3891 materiam
720 3840 962 3904 subintroducatur,
984 3840 1051 3893 nihil
1076 3841 1252 3893 intentionem
1279 3841 1404 3909 declinet,

353 3956 460 4009 finalem
473 3957 615 4010 utilitatem
628 3957 694 4010 nihil
707 3958 840 4010 excludat.
879 3959 982 4011 Valete.

388 4077 527 4129 Annulum
548 4095 665 4142 aureum,
680 4077 774 4146 inquo
798 4085 838 4130 est
857 4079 925 4148 lapis
937 4079 1131 4148 smaragdinus,
1145 4079 1173 4131 in
1196 4080 1302 4149 signum
1325 4080 1406 4133 dilee-

352 4199 433 4251 tionis
445 4198 529 4250 mitto.
