3100 5192
329 538 382 592 na
768 534 802 590 G·
823 538 942 591 Aesaris

326 700 456 765 quantum
474 690 509 746 sd
527 692 731 764 susceptionem,
748 709 805 746 non
819 699 947 764 quantum
966 688 1245 745 &consecrationem
1261 684 1383 741 minister

324 810 423 883 dignus
433 810 478 864 vei
495 809 630 881 indignus.
665 810 727 863 Hoc
738 810 774 863 ds
794 827 903 881 corpore
914 809 932 863 J
933 826 988 874 esu,
1001 809 1076 880 eujus
1087 806 1253 879 figurabatur
1261 814 1380 859 nostrum

325 929 530 983 vermioubmm
542 944 637 1000 eorpus
649 928 677 981 in
689 928 734 981 un
745 928 859 993 virtutis,
873 930 901 981 ln
918 926 1104 999 splendonius
1121 933 1281 991 sanctorum,
1302 925 1326 977 si
1342 931 1383 975 ta·

325 1066 389 1103 men
399 1048 429 1101 iu
440 1046 608 1120 wnoninns
621 1049 690 1103 etin
710 1056 796 1102 morte
807 1046 864 1119 ejus
884 1046 1092 1119 complantatum
1105 1044 1274 1098 similitudini
1289 1044 1381 1097 mortis

325 1166 385 1238 ejus
408 1165 489 1219 merit
507 1174 652 1238 repertum.
689 1166 778 1219 Etiam
798 1166 827 1219 in
843 1166 895 1220 hoc
919 1183 979 1235 spes
1002 1181 1080 1219 mea:
1098 1164 1185 1235 portio
1207 1180 1268 1216 mea
1283 1163 1313 1215 iu
1325 1170 1382 1216 tu.

324 1285 426 1340 Anima
436 1285 513 1351 iesu,
525 1292 553 1338 te
564 1283 653 1349 adoro,
663 1292 691 1337 te
701 1284 792 1351 laudo,
804 1292 832 1339 te
841 1284 969 1355 glorifico,
983 1282 1046 1353 quia
1056 1281 1098 1336 Tu
1115 1290 1205 1354 portas
1218 1300 1301 1335 {areas
1314 1288 1341 1337 et
1353 1300 1381 1335 u.

321 1405 343 1459 i.
356 1402 529 1474 uonitegisti:
546 1402 590 1456 Tu
598 1402 670 1456 visan
681 1404 710 1456 in
721 1402 828 1457 inferno
838 1400 933 1468 iecisti,
944 1420 998 1472 qua
1012 1417 1150 1472 regressus
1165 1408 1269 1472 pateret
1283 1399 1318 1453 ad
1334 1400 1382 1453 Su·

323 1540 412 1596 peres,
424 1523 538 1595 ammata
553 1523 656 1578 lesuin
673 1539 725 1594 quo
741 1531 771 1576 tu
790 1539 856 1577 eras.
892 1523 987 1577 Omnia
1011 1522 1082 1575 enim
1098 1521 1187 1575 anima
1204 1520 1233 1573 in
1250 1521 1381 1591 sanguine

325 1651 367 1697 est
377 1651 466 1697 tecum
477 1643 560 1708 tuam,
572 1660 621 1714 per
631 1651 658 1696 te
670 1650 697 1696 et
708 1641 736 1696 in
748 1650 775 1695 te
785 1658 849 1696 vera
857 1641 995 1695 divinitate
1007 1640 1145 1695 habitante
1158 1658 1165 1693 τ
1183 1640 1212 1692 ἰιι
1225 1647 1251 1693 to
1260 1640 1393 1705 salvavit

323 1760 670 1834 rodemitjustifieavitnos.
690 1761 797 1814 iuvita
805 1760 1007 1827 vivens,tuvita
1015 1758 1271 1826 vivificans,vivifiea
1280 1760 1382 1813 animas

325 1886 438 1935 nostrus⁸
475 1879 504 1932 Si
514 1879 586 1932 enim
604 1878 980 1949 nonproposueroteinp.l.
993 1878 1104 1931 madi.
1118 1878 1274 1931 mimeis.
1311 1878 1382 1938 Quid

326 1998 456 2053 ulmtei
473 1996 625 2052 niviniust
640 1996 749 2069 Utique.
786 1997 839 2051 Sed
846 1997 971 2051 tamenin
981 1998 1082 2051 unitate
1091 2014 1213 2068 personae
1228 1998 1384 2052 immediata

328 2125 392 2171 sunt
404 2118 494 2170 anima
503 2124 531 2171 et
542 2116 667 2170 divinitas
678 2118 752 2170 Jesu.
788 2116 860 2171 Nam
880 2117 996 2169 animam
1009 2116 1076 2169 iesu
1094 2117 1151 2170 aine
1170 2116 1309 2169 divinitate
1328 2133 1383 2170 non

327 2234 455 2290 habebis:
473 2252 524 2289 neo
535 2235 703 2288 divinitatem
715 2235 750 2289 ab
766 2234 858 2288 anima
873 2252 994 2306 separare
1009 2236 1118 2307 poteris.
1145 2236 1271 2306 Amplius
1288 2236 1383 2301 adhue,

328 2354 419 2407 anima
429 2370 498 2419 mea,
510 2352 538 2406 in
548 2353 665 2405 animam
676 2351 742 2406 Jesu
752 2352 861 2422 rapitur,
874 2351 914 2405 illi
926 2351 1122 2421 quodammodo
1135 2352 1294 2406 cumulatius
1312 2352 1386 2406 dedi·

328 2490 393 2528 nans
403 2473 510 2527 labores
521 2480 619 2526 nostrae
628 2471 835 2526 restaurationis.
871 2473 939 2530 Quae
950 2470 1029 2537 enim,
1039 2478 1070 2524 ut
1078 2470 1184 2525 dicendi
1196 2471 1384 2542 compendium

327 2593 434 2659 isaiam,
451 2592 485 2646 de
500 2593 588 2646 tniaus
602 2592 631 2645 in
648 2592 714 2645 Jesu
729 2591 812 2645 unitis
834 2591 995 2657 substantiis,
1007 2590 1026 2643 i.
1045 2609 1068 2643 e.
1087 2590 1235 2657 divinitate,
1249 2592 1339 2644 anima
1359 2598 1386 2645 et

330 2727 419 2775 earne,
438 2710 532 2763 durius
550 2726 600 2780 pro
615 2708 693 2762 nobis
712 2708 817 2762 dolores
832 2709 919 2763 earnis
935 2708 1032 2762 sensit?
1049 2708 1134 2762 Caro?
1153 2708 1205 2761 Sed
1221 2710 1279 2763 sine
1294 2708 1384 2763 enimn

328 2848 384 2884 non
396 2831 486 2885 sentit.
523 2830 680 2883 Divinitas?
696 2830 749 2882 Sed
763 2830 831 2883 absit
842 2838 873 2883 ut
889 2830 1023 2901 passibilis
1042 2830 1084 2884 sit.
1121 2832 1193 2901 Ergo
1209 2831 1307 2896 anima,
1321 2848 1382 2901 quae

329 2948 411 3002 sentit
421 2964 471 3019 per
481 2964 510 3001 se
522 2954 548 3001 et
563 2962 671 3001 earnem
682 2948 780 3002 sentire
793 2948 865 3014 iacit,
878 2957 962 3003 totum
974 2948 1055 3003 sentit
1066 2950 1138 3021 quod
1150 2968 1212 3003 earo
1228 2958 1255 3003 et
1270 2950 1384 3021 amplius

330 3084 412 3139 quam
424 3084 494 3123 caro.
530 3068 612 3122 Unde
623 3070 707 3122 tristis
719 3076 761 3123 est
773 3070 863 3122 anima
874 3086 935 3122 mea
954 3087 1038 3139 usque
1056 3069 1090 3123 ad
1108 3079 1228 3125 mortem
1265 3070 1329 3142 Ipsa
1344 3070 1385 3123 in-

328 3202 410 3256 quam
423 3194 463 3240 est
475 3204 538 3256 quae
549 3186 702 3251 miserendi,
716 3204 777 3257 quae
788 3187 945 3251 redimendi,
965 3204 1026 3257 quae
1042 3187 1241 3253 reconciliandi,
1255 3204 1318 3258 quaa
1332 3187 1385 3241 sal·

326 3303 409 3356 sandi
417 3305 531 3357 affectus
542 3312 670 3373 tanquam
681 3305 816 3373 propriam
831 3304 974 3357 Salvatoria
986 3304 1127 3376 pecuniam
1140 3306 1174 3359 de
1187 3323 1235 3358 auo
1247 3306 1383 3377 marsupio

328 3421 445 3492 protulit.
482 3422 551 3475 Caro
558 3422 629 3475 enim
637 3421 678 3474 sic
687 3431 744 3476 erat
753 3439 863 3493 pauper,
879 3431 975 3476 utnon
987 3423 1100 3477 haberet
1111 3424 1153 3477 vel
1164 3423 1210 3479 ubi
1222 3432 1302 3495 caput
1310 3424 1389 3477 recli-

328 3549 414 3595 naret.
433 3540 567 3595 Divinitas
578 3541 723 3595 affectuum
742 3544 906 3613 marsupium
925 3544 1072 3597 nonnovit.
1108 3543 1171 3597 Non
1193 3544 1264 3596 enirn
1279 3544 1387 3614 proprie

327 3658 440 3712 affectus
451 3658 550 3713 habere
563 3659 660 3713 dininar
673 3659 754 3719 Deus.
769 3677 852 3730 quum
864 3659 953 3713 nullus
965 3660 1022 3713 sine
1036 3660 1158 3731 passione
1176 3660 1292 3730 quedam
1306 3661 1387 3714 cadat

328 3777 357 3830 in
370 3776 487 3846 aliquam
499 3776 621 3829 affectus.
656 3776 758 3829 Anima
765 3794 828 3829 vero
835 3776 893 3847 ipsa
901 3776 1008 3846 propris
1016 3776 1128 3829 effeetus
1141 3777 1269 3830 sustinere
1278 3776 1386 3831 dieitur.

330 3892 431 3945 Omnes
443 3892 533 3961 itaque
541 3892 569 3944 in
582 3892 599 3945 J
601 3909 648 3945 esu
660 3891 771 3945 affectus
785 3892 931 3945 seeundum
943 3892 1059 3945 animam
1071 3893 1187 3946 fuerunt.
1226 3893 1306 3947 Unde
1314 3902 1341 3947 et
1350 3894 1383 3948 de

330 4009 489 4082 quibusdam
497 4010 611 4063 dicitnr:
631 4010 693 4062 Non
703 4017 743 4061 est
754 4010 845 4062 anima
851 3977 917 4061 'mea
928 4009 962 4062 ad
972 4010 1100 4080 populum
1112 4010 1209 4073 iatum:
1229 4010 1300 4081 quod
1312 4011 1382 4065 absit

328 4146 346 4181 a
356 4130 455 4201 populo
466 4136 563 4183 nostro.
603 4129 697 4198 Itaque
709 4128 799 4182 anima
811 4129 828 4180 J
831 4145 884 4193 esu,
899 4128 1045 4199 spongiosis
1057 4128 1216 4198 quibusdam
1234 4128 1379 4183 affectuum
