3100 5192
537 509 694 565 Dssvrusrs
712 526 858 565 rrrrrou.
1174 513 1229 563 109·

109 684 111 690 ·
174 662 291 717 filiorum
302 662 356 717 Dei
368 670 439 717 sumt.
475 664 531 718 Vos
543 672 633 718 autem
649 665 698 720 lilii
710 666 762 719 Dei
774 666 875 731 estis,si
886 664 1026 719 habitatin
1035 664 1109 720 vobis
1118 664 1225 736 spiritus

175 782 281 836 Christi.
317 783 370 843 Qui
382 781 454 837 enim
464 783 546 837 babet
556 784 679 855 spiritum
691 784 797 849 Cbristi,
805 783 850 837 bic
862 782 896 838 ex
909 784 967 837 Deo
979 791 1057 837 estet
1069 783 1143 837 Deus
1154 784 1184 839 in
1193 794 1225 837 eo

177 908 226 955 est
263 900 420 965 Humilisvi,
433 901 536 967 iratres,
549 902 650 973 stylum
667 903 702 956 ad
720 920 780 956 eam
797 920 858 973 quoe
868 902 902 955 ab
920 902 1044 955 omnibus
1061 900 1227 972 simplicibus

175 1018 236 1090 capi
258 1020 342 1091 possit
363 1020 510 1086 materiam,
528 1020 671 1091 vulgsnter
687 1021 807 1075 scribens
824 1021 860 1075 ed
876 1020 1079 1093 intelligentium
1097 1020 1225 1087 omnium,

176 1136 302 1208 quatinus
313 1156 357 1191 ms
368 1138 448 1191 modo
460 1138 557 1210 scripto
568 1138 678 1193 audiant
689 1148 717 1193 et
727 1139 836 1211 capiant
848 1139 894 1210 qul
904 1139 1030 1211 proesenti
1041 1156 1163 1195 sermone
1172 1156 1228 1194 uon

177 1266 299 1329 possunt.
334 1257 418 1311 Vadit
429 1267 457 1312 et
468 1258 542 1312 venit
553 1258 589 1312 ed
600 1276 648 1312 vos
660 1265 689 1313 et
699 1276 716 1311 s
733 1258 810 1313 vobis
826 1258 997 1329 quotidianis,
1016 1260 1099 1313 immo
1115 1259 1228 1314 assiduis

177 1376 335 1442 recursibus,
348 1376 454 1430 unimus
471 1394 554 1442 meus,
571 1376 605 1430 de
625 1377 701 1430 vobis
720 1376 851 1448 cogitans,
867 1395 917 1448 pro
932 1377 1007 1431 vobis
1026 1395 1108 1431 orans
1124 1395 1182 1444 vos,
1201 1386 1229 1433 et

177 1513 240 1566 quoe
253 1494 325 1548 circa
335 1513 384 1549 vos
394 1495 474 1549 fuerit
483 1512 540 1567 praa
552 1493 637 1548 nimia
647 1494 824 1549 sollicitudine
836 1495 925 1548 nescio
938 1512 1000 1549 vere
1018 1504 1064 1550 sut
1082 1496 1144 1551 ficte
1162 1515 1231 1552 som·

174 1617 262 1670 niens.
297 1616 359 1669 Nou
371 1616 442 1670 enim
455 1616 560 1669 somnia
576 1615 742 1669 observsnda
759 1622 830 1669 sunt.
867 1615 1007 1672 Affinitate
1026 1625 1115 1672 tamen
1133 1618 1225 1672 nescio

178 1754 233 1807 qua
243 1736 352 1790 somniis
363 1736 524 1807 quandoque
536 1737 717 1790 admiscentur
727 1735 852 1807 quaedam
863 1734 934 1789 inter
943 1736 1083 1791 veritatem
1094 1737 1230 1793 etialsite·

177 1864 232 1910 tem
242 1856 339 1921 medie,
347 1872 409 1927 quie
421 1856 472 1910 etsi
482 1873 537 1910 noa
548 1856 699 1928 exprimant
706 1855 792 1927 ipsam
801 1856 948 1922 veritatem,
959 1856 1130 1911 simulacrum
1139 1864 1229 1912 tamen

176 1973 296 2028 veritatis
308 1973 477 2043 quarundam
488 1974 708 2044 imaginationum
719 1974 853 2028 coloribus
873 1991 1066 2046 nonnunquam
1085 1975 1231 2046 refigurare

177 2092 274 2147 solent.
310 2092 385 2146 Sicut
395 2092 466 2146 enim
479 2092 635 2163 plerumque
646 2093 718 2146 inter
728 2092 870 2162 vigilantes
887 2092 983 2160 evcnit,
996 2102 1027 2147 ut
1043 2101 1071 2149 et
1089 2067 1232 2149 mendaces

178 2211 339 2283 quaudoque
352 2228 417 2264 vera
427 2209 519 2265 dicant
529 2219 556 2264 et
568 2210 723 2281 vaniloquia
733 2211 818 2265 aeria:

615 2330 759 2385 bidentem
771 2332 868 2401 (enim)
882 2332 971 2388 dicere
983 2350 1075 2391 verum

320 2452 393 2513 Quid
404 2454 495 2507 vetati

217 2573 260 2628 Sic
272 2575 359 2646 caligo
369 2575 600 2646 phantasticorum
611 2573 773 2628 somniorum
786 2576 901 2630 naturali
914 2576 1030 2647 quadam
1042 2576 1144 2631 cerebri
1155 2578 1232 2633 firmi·

176 2694 284 2765 gationc
299 2694 464 2766 expressivas
475 2692 588 2747 subinde
598 2693 698 2747 formas
710 2711 807 2759 rerum,
820 2712 881 2765 quae
894 2694 962 2747 liunt
978 2695 1007 2750 iu
1019 2696 1176 2755 abscondito
1189 2698 1234 2752 vel

177 2814 276 2868 futirrae
287 2822 357 2879 sunt,
371 2814 461 2885 aliquo
472 2813 552 2868 modo
560 2813 650 2866 nescio
660 2830 713 2883 quo
726 2812 834 2884 spiritus
846 2831 986 2885 praesagat
995 2814 1110 2889 conjicit.
1129 2815 1235 2871 idcirco
1303 2812 1307 2815 ’

177 2932 363 3004 praemiserim,
384 2932 408 2985 si
426 2950 474 2985 vos
487 2931 632 2985 certificem
652 2948 708 2984 nou
720 2931 807 2985 solum
820 2931 853 2985 de
871 2931 988 3003 his,quae
1007 2950 1024 2986 s
1043 2951 1086 2987 mc
1106 2934 1236 3005 vigilante

182 3051 260 3114 fiunt,
273 3049 336 3103 satis
354 3048 453 3119 utique,
476 3049 562 3118 gratia
583 3047 636 3101 Dei
652 3046 773 3120 juvante,
794 3066 928 3120 prospere,
947 3049 994 3107 sed
1016 3058 1043 3103 et
1062 3049 1096 3103 de
1115 3050 1157 3105 bis
1176 3068 1238 3122 quas

184 3168 364 3223 dormientem
387 3174 510 3237 tangunt
534 3166 657 3227 Quadam
668 3175 749 3221 nocte
761 3167 871 3221 videbar
881 3184 939 3225 esse
950 3168 1026 3225 vobis
1036 3169 1064 3223 in
1077 3170 1239 3225 monasterio

181 3306 300 3361 praesens
321 3304 382 3341 cum
401 3284 560 3356 qmbusdam
578 3284 712 3350 iratribus,
725 3291 753 3338 et
764 3292 895 3355 quantum
907 3285 941 3340 de
962 3287 1064 3342 somnio
1076 3286 1129 3341 dici
1140 3295 1237 3359 potest,

180 3415 328 3464 conventus
339 3406 408 3459 locta
420 3405 449 3458 in
470 3404 559 3471 choro,
573 3403 711 3475 altareque
722 3403 809 3476 majus
826 3413 952 3475 peratum
973 3406 1051 3477 qussi
1069 3406 1105 3461 ad
1117 3406 1235 3473 missam,

181 3537 209 3581 et
219 3544 300 3597 super
309 3525 395 3596 pallas
406 3524 505 3589 altaris,
517 3522 608 3577 nescio
621 3539 674 3592 quo
683 3539 755 3587 casu,
768 3538 864 3592 corpus
876 3520 986 3575 Domini
1008 3522 1043 3577 de
1055 3524 1155 3595 pyxide
1167 3525 1239 3596 elap·

181 3662 241 3699 sum
249 3642 364 3717 jacebat.
381 3644 472 3702 Quum
482 3658 546 3711 ergo
558 3639 701 3710 quesitum
709 3638 876 3709 reperiretur,
889 3638 1029 3693 inventum
1041 3647 1082 3694 est
1093 3658 1110 3694 s
1120 3640 1243 3695 muribus

184 3772 211 3817 et
219 3762 317 3817 muscis
329 3778 474 3826 corrosum,
484 3768 512 3813 et
521 3758 649 3813 iniectum
658 3758 818 3811 stercoribus
825 3774 985 3824 muscarum,
995 3765 1022 3811 st
1033 3757 1067 3812 de
1078 3758 1242 3813 rotunditate

184 3883 279 3937 hostiae
291 3878 393 3951 aliquid
404 3878 562 3932 detractum.
598 3876 660 3930 Hoc
670 3876 805 3947 evigilans
817 3876 920 3930 somnio
931 3876 1010 3931 valde
1028 3884 1164 3949 permotus
1182 3895 1242 3933 sum

183 4003 282 4056 timens
289 4017 324 4053 ue
333 3999 421 4052 minus
430 4014 511 4067 quam
523 3995 600 4049 decet
611 3994 736 4049 honestas
746 3994 923 4049 conscientias
934 3996 970 4050 ed
980 3994 1132 4051 inviolabile
1144 4004 1244 4051 etcum

182 4121 277 4175 timore
294 4114 496 4181 nominandum,
518 4113 602 4167 multo
613 4112 880 4237 magislspmendum,
893 4114 1028 4170 Dominici
1041 4115 1157 4188 corporis
1172 4134 1244 4189 mys·
