3100 5192
532 497 687 552 Dsuvsusrs
706 510 849 550 sersrorn.
1181 495 1215 547 87
1251 514 1255 522 ·

160 650 250 705 dicere
260 653 288 704 in
298 649 387 707 dando
396 668 443 705 vos
452 651 544 722 pluere
556 671 636 723 quam
649 654 789 705 seminare.
826 651 896 703 Nam
910 650 954 720 qui
967 648 1087 713 seminat,
1101 649 1217 720 primum

159 771 187 822 in
202 787 250 841 spe
262 769 427 842 percipiendi
439 770 541 823 fruetus
556 771 678 833 seminat,
692 770 807 838 denique
819 786 873 822 non
885 768 975 821 fundit
984 768 1030 822 sed
1039 767 1149 838 spargit,
1157 786 1218 838 pos-

162 898 249 943 tremo
261 906 316 941 non
328 888 381 941 nisi
395 888 475 942 cultae
487 897 565 943 terrae
578 907 668 943 semen
680 906 757 942 suum
770 888 862 942 credit.
899 888 1004 943 Horum
1016 886 1083 940 nihil
1096 886 1217 941 imitatur

160 1006 263 1079 pluvia,
272 1003 320 1059 sed
328 1023 356 1059 se
365 1007 457 1077 ipsam,
467 1017 498 1061 ut
506 1009 544 1061 sic
554 1008 650 1073 dicam,
660 1008 749 1079 perdit
757 1008 784 1060 in
795 1017 872 1061 terrae
882 1007 1034 1077 visceribus,
1040 1014 1070 1060 ut
1079 1012 1171 1077 postea
1179 1023 1220 1059 re·

162 1144 275 1197 surgens
286 1142 346 1179 cum
358 1126 476 1179 maxima
492 1127 599 1196 frugum
615 1126 689 1198 prole
704 1126 800 1180 afferat
819 1127 935 1181 fructum
953 1127 1123 1190 tricesimum,
1139 1142 1216 1178 sexa-

163 1243 303 1315 gesimum,
318 1252 345 1297 et
356 1243 539 1298 centesimum.
576 1244 659 1298 Aliud
674 1261 780 1299 rursum
800 1245 917 1299 caritatis
933 1244 1061 1297 indicium
1079 1244 1107 1297 in
1123 1243 1215 1315 pluvia

163 1362 277 1433 reperio,
289 1362 353 1432 quia
363 1362 420 1434 aine
432 1362 537 1415 delectu
549 1364 618 1433 rigat
629 1364 755 1437 floecunda
767 1371 795 1418 et
811 1363 974 1428 infoecunda,
987 1362 1101 1416 fertilem
1117 1380 1210 1433 agrum

143 1489 191 1549 ‚et
203 1481 328 1545 sterilem,
341 1498 455 1551 granum
468 1480 582 1541 electum
598 1490 624 1536 et
643 1500 752 1553 germen
769 1483 922 1553 reprobum.
958 1482 1041 1535 Estne
1057 1482 1159 1535 virtutis
1177 1500 1211 1535 an

165 1598 224 1652 vitii
235 1602 295 1654 haec
306 1599 433 1654 bonitatis
445 1609 472 1653 et
483 1600 671 1653 beneficiorum
685 1600 875 1671 prodigalitas?
892 1598 943 1653 Sed
954 1598 1006 1652 hoe
1019 1598 1070 1652 Dei
1083 1616 1133 1651 uec
1146 1598 1219 1651 aliud

163 1718 300 1771 invenitur
317 1717 347 1771 in
362 1736 394 1771 eo
411 1717 440 1770 in
454 1735 540 1783 evum,
558 1718 611 1772 nisi
627 1719 699 1790 quod
717 1720 849 1789 benignus
865 1717 899 1771 ad
915 1719 1057 1789 ingratum,
1072 1717 1163 1787 largus
1182 1715 1217 1769 ad

165 1853 283 1901 avarum,
292 1835 350 1906 pius
358 1836 392 1888 ad
400 1835 510 1907 impium
518 1837 616 1890 existit.
654 1836 835 1892 Istasuavitia
843 1842 999 1907 comparant
1008 1836 1220 1889 mansuetissimo

163 1955 305 2007 innumera
317 1952 447 2006 convicia.
483 1953 638 2025 Aliquando
647 1955 713 2007 moti
723 1963 785 2007 sunt
793 1954 874 2025 pedes
883 1954 965 2007 nostri
975 1954 1108 2007 mitissimi
1118 1952 1217 2017 David,

163 2072 227 2143 quia
239 2078 362 2143 eruperat
379 2070 471 2141 pluvia
482 2071 688 2124 mansuetissimi
701 2072 752 2123 Dei
764 2088 842 2142 super
855 2072 938 2125 malos
956 2079 983 2125 et
998 2071 1118 2142 injustos,
1132 2072 1172 2125 ita
1185 2078 1218 2123 ut

165 2190 274 2256 diceret,
289 2190 351 2245 Sine
364 2206 445 2242 causa
452 2189 598 2261 justificavi
610 2207 656 2242 cor
668 2208 757 2244 meum
769 2198 796 2243 et
807 2188 860 2243 lavi
872 2190 941 2243 inter
953 2190 1107 2244 innoeentes
1123 2208 1219 2244 manus

163 2326 247 2367 meas.
293 2307 436 2361 Exciderat
448 2324 465 2360 a
476 2316 573 2373 mente,
586 2307 658 2379 quod
671 2307 698 2361 in
710 2308 778 2361 libro
791 2308 932 2381 Sapientiae
946 2309 1049 2374 dicitur,
1068 2308 1109 2362 Tu
1128 2317 1217 2363 autem

166 2426 241 2481 Deus
253 2433 344 2479 noster
355 2424 444 2479 suavis
456 2433 483 2477 et
495 2442 573 2478 verus
586 2443 614 2477 es
626 2435 653 2478 et
663 2425 777 2497 sapiens,
791 2434 818 2479 et
829 2425 857 2479 in
875 2426 1056 2480 misericordia
1074 2427 1217 2497 disponens

170 2543 268 2597 omnia.
305 2543 411 2597 Etenim
436 2543 459 2595 si
476 2542 683 2613 peccaverimus,
703 2542 742 2597 tui
758 2560 858 2608 sumus,
877 2544 989 2597 seientes
1007 2544 1218 2614 magnitudinem

165 2671 248 2716 tuam.
284 2661 351 2715 Etsi
363 2678 417 2714 non
429 2661 635 2732 peccaverimus,
648 2661 745 2715 scimus
762 2662 889 2733 quoniam
908 2662 979 2733 apud
995 2672 1021 2716 te
1039 2680 1129 2716 sumus
1146 2680 1217 2715 com-

165 2781 261 2853 putati.
298 2780 368 2834 Ecce
381 2781 457 2852 cujus
469 2780 588 2834 imitator
599 2781 808 2852 reprehenditur,
823 2782 868 2853 qui
880 2782 912 2835 de
925 2782 1044 2837 bonitate
1062 2782 1116 2835 sive
1135 2781 1216 2853 largi·

168 2907 223 2953 tate
234 2898 409 2970 redarguitur.
446 2901 491 2953 An
504 2916 560 2953 non
572 2898 744 2953 Ecclesiastes
755 2900 783 2953 in
796 2902 923 2954 concione
936 2918 983 2954 sua
994 2902 1101 2972 proprio
1113 2901 1220 2956 decreto

168 3026 195 3071 et
207 3018 338 3073 sententia
349 3018 400 3071 hoc
412 3018 512 3071 malurn
525 3018 630 3073 estimat
642 3018 690 3070 sub
703 3018 766 3082 sole,
780 3026 810 3069 ut
828 3018 870 3071 cui
889 3018 963 3071 dedit
980 3019 1052 3072 Deus
1070 3020 1176 3073 divitias
1193 3030 1220 3074 et

167 3136 344 3190 substantiam
357 3144 385 3189 et
395 3135 531 3200 honorem,
545 3152 601 3188 non
616 3135 715 3189 habeat
731 3136 759 3189 in
778 3136 810 3189 iis
828 3144 993 3207 potestatem,
1013 3138 1059 3190 scd
1077 3147 1219 3192 extraneus

167 3254 228 3310 illas
238 3255 342 3327 rapiatl
368 3255 412 3309 nd
426 3255 490 3326 quid
502 3255 561 3309 lraec
574 3255 647 3309 vobis
660 3258 801 3309 verborum
814 3257 968 3326 congeries?
995 3257 1032 3310 Ut
1044 3258 1114 3328 iguis
1125 3277 1219 3330 perpe·

167 3383 229 3428 tuus
241 3374 274 3429 de
288 3384 379 3430 sancto
391 3374 468 3429 altari
480 3374 657 3429 cordisvestri
670 3392 724 3428 non
737 3374 853 3440 deficiat,
867 3376 913 3429 sed
925 3376 976 3429 hac
994 3378 1116 3447 congerie
1133 3378 1219 3448 magis

168 3510 200 3546 ac
213 3494 299 3562 magis
310 3492 486 3558 convalescat,
500 3492 585 3546 donec
597 3493 781 3547 holocaustum
794 3503 913 3548 vestrum
925 3496 1023 3565 pingue
1035 3498 1063 3550 in
1075 3498 1175 3551 nebula
1190 3498 1217 3551 in

169 3627 222 3682 qua
241 3610 344 3663 habitat
362 3610 435 3665 Deus
457 3610 623 3682 suscipiatur,
638 3618 665 3663 et
684 3628 700 3662 a
720 3610 852 3664 cineribus
871 3612 989 3665 omnium
1007 3614 1219 3683 superfluitatum

166 3729 251 3783 facies
263 3728 356 3783 altaris
369 3729 488 3800 ejusdem
501 3729 631 3801 expietur.
668 3729 807 3795 Ostiolum,
820 3747 868 3801 per
881 3729 952 3800 quod
969 3730 1055 3785 aditus
1077 3731 1110 3784 ad
1128 3742 1220 3787 sancta

170 3855 322 3901 sanctorum
333 3855 414 3917 patet,
428 3846 461 3901 de
473 3847 554 3917 lignis
567 3854 607 3901 est
619 3846 756 3923 olivarum,
770 3846 833 3917 quia
845 3846 1026 3917 proculdubio,
1036 3850 1116 3920 juxta
1134 3866 1217 3905 sacras

169 3966 232 4018 fidei
244 3974 371 4028 tenorem,
385 3983 438 4018 non
458 3967 482 4017 ei
499 3966 638 4035 negabitur
657 3974 809 4019 sanctorum
827 3966 968 4037 ingressus,
983 3968 1028 4037 qui
1045 3969 1078 4021 ab
1095 3971 1219 4039 operibus

171 4085 360 4141 misericordiae
371 4101 424 4139 non
438 4085 518 4138 suerit
536 4083 653 4151 alienus;
678 4102 817 4157 suppresso
832 4086 932 4158 pudore
951 4089 1102 4144 inauribus
1120 4089 1221 4145 domini
