3100 5192
305 427 353 477 84-
511 476 521 497 ⁴
746 424 780 476 G.
800 425 922 477 Annam

301 578 389 650 AEque
400 577 501 632 benun
515 577 567 632 Dei
579 577 702 649 nunquid
712 578 788 633 aliud
801 596 818 632 s
830 579 889 633 Deo
901 580 958 633 eati
975 576 1079 631 Clamat
1091 577 1264 648 Augustinus,
1277 576 1359 637 Quia-

306 696 371 767 quid
383 696 417 749 de
429 695 488 750 Deo
500 695 597 750 dieitur
610 695 683 750 Deus
694 706 743 762 est,
755 704 783 751 et
795 697 862 751 nibil
874 696 1021 751 seeundum
1033 694 1223 750 maidens-disi
1246 695 1280 750 de
1299 696 1359 748 Dee

304 814 684 871 testamenmentum
697 814 821 869 meuses
834 780 1166 870 essentialitatem.
1205 814 1359 885 nanque,

309 935 373 1007 quid
385 935 446 989 dieo
458 914 660 989 similitudinem
673 904 724 988 Dei
737 936 838 989 dunum
850 952 907 989 essa
920 934 1063 989 maidens?
1081 947 1135 987 nan
1149 934 1183 987 ad
1197 934 1284 987 Deum
1296 934 1363 987 dau·

217 1050 223 1060 ’
307 1064 370 1120 tem,
383 1054 624 1109 sedadhominam
637 1054 811 1125 acaipieatem
823 1054 939 1126 respicis.
977 1054 1124 1109 biihivero
1137 1053 1242 1107 videtur
1252 1054 1317 1107 seba
1330 1066 1365 1107 ex

307 1174 485 1245 aupeaieribus
513 1172 654 1243 probatum
683 1181 808 1227 neutrum
838 1192 894 1229 asae
921 1190 1021 1227 verum.
1070 1172 1139 1227 Hoea
1165 1167 1300 1228 sufficiam
1329 1172 1364 1226 de

309 1290 491 1345 similitudine.

343 1409 425 1465 Nune
436 1419 601 1465 resumamus
612 1412 647 1465 ad
658 1412 812 1483 imaginem,
826 1425 852 1467 et
871 1412 1008 1468 audiamus
1027 1414 1092 1485 quid
1103 1412 1180 1467 uobis
1192 1412 1264 1467 diest
1276 1413 1367 1484 imago

313 1552 382 1589 vers.
418 1535 547 1589 Sicaniam
559 1535 694 1607 loquitur:
712 1537 766 1597 Qui
784 1552 827 1591 me
844 1537 1011 1603 videt-videt
1031 1546 1058 1592 et
1073 1545 1186 1609 patrem.
1224 1535 1368 1607 inquibus
1396 1602 1397 1605 Ἴ

311 1653 400 1707 verbis
412 1652 626 1707 desiderantibus
638 1654 830 1725 iaciem‘pstria
843 1655 937 1709 uidere
955 1655 1108 1709 omnimodo
1122 1654 1284 1709 simillimam
1297 1662 1324 1709 et
1335 1654 1365 1706 in

313 1771 389 1825 nullo
402 1771 589 1843 disparabilem
602 1773 748 1843 imaginem
760 1782 844 1827 semet
860 1774 945 1845 ipsum
961 1783 1155 1845 representans
1171 1774 1302 1827 desideria
1313 1790 1371 1827 cor-

315 1891 460 1944 dis-eorum
473 1890 506 1945 de
518 1892 596 1944 bonis
607 1892 661 1944 suis
670 1893 766 1946 sabare
776 1893 868 1947 voluit.
905 1894 1006 1948 Rursus
1018 1894 1181 1965 haeaeadem
1193 1894 1374 1963 imagoueuw

314 2028 378 2066 vaae
390 2010 484 2065 volens
496 2012 639 2082 imaginem
657 2028 733 2065 suam
751 2012 908 2084 in'imagine
920 2032 982 2067 aua:
1003 2012 1068 2068 alias
1086 2009 1159 2077 dicit,
1173 2012 1264 2065 Sancti
1276 2018 1369 2075 estote,

316 2131 443 2200 queniam
456 2148 506 2201 ego
524 2140 631 2186 sauctus
651 2149 719 2185 sum.
755 2132 896 2202 Tanquam
916 2134 1001 2186 boum
1022 2133 1108 2203 pictor
1128 2120 1277 2185 enimenim
1296 2130 1372 2184 Deus

316 2248 430 2319 palmam
443 2249 560 2301 animam
573 2250 601 2301 in
613 2248 700 2319 primo
711 2248 819 2302 hemina
832 2250 975 2303 cumomni
986 2250 1172 2303 benedictione
1184 2247 1324 2320 spirituali,
1337 2248 1373 2301 ad

317 2382 399 2438 queam
410 2366 547 2420 meliorem
567 2375 594 2419 et
611 2367 793 2421 formosiorem
814 2367 917 2420 invenit
936 2368 1089 2438 imaginem,
1102 2384 1157 2421 non
1175 2384 1258 2420 unam
1278 2366 1375 2419 utentia

318 2484 453 2556 pingendo
474 2485 581 2549 creavit,
605 2493 632 2539 et
652 2485 768 2538 creando
792 2482 924 2556 depinxit.
961 2486 1074 2550 creavit,
1096 2485 1215 2555 inquam,
1236 2485 1264 2538 in
1284 2484 1376 2537 anima

320 2606 464 2677 imaginem
476 2606 835 2678 suamvelpotiusanimam
849 2606 883 2659 ad
901 2607 1045 2677 imaginem
1058 2622 1141 2658 suam.
1180 2605 1310 2675 Depiuxit
1326 2605 1376 2659 ite·
1449 2631 1455 2643 ·

319 2738 378 2773 rum
391 2722 420 2774 in
432 2722 523 2774 anima
535 2721 736 2775 similitudinem
748 2738 833 2786 suam,
846 2721 889 2775 vel
900 2722 985 2791 magia
998 2720 1114 2774 animam
1127 2720 1161 2773 ad
1174 2718 1376 2773 similitudinem

321 2857 407 2905 auam,
433 2835 528 2893 'Fumo
541 2848 630 2893 autem
643 2840 814 2910 iniquitatum
828 2848 854 2893 et
869 2841 1108 2911 transgressionum
1121 2856 1230 2895 auarum
1242 2840 1389 2907 deculatu-¹

321 2967 514 3030 tam-eiusque
528 2960 563 3013 ad
576 2968 723 3014 extremam
745 2958 941 3015 deformitatem
959 2960 1096 3026 foedatam,
1111 2968 1204 3014 auctor
1224 2968 1251 3013 et
1273 2966 1379 3013 uniatur

322 3096 385 3134 suus
396 3097 457 3134 eam
469 3080 553 3134 votuit
562 3098 694 3152 reparare.
732 3079 840 3151 lix-qua
849 3098 926 3151 aeque
938 3080 1049 3134 idoneus
1062 3079 1155 3151 piatur,
1168 3078 1296 3150 nequein
1309 3078 1379 3132 tatio

298 3223 301 3226 ’
317 3201 436 3271 angelus,
450 3208 538 3269 neque
550 3199 578 3251 in
592 3207 663 3253 terra
674 3199 754 3252 hamo
762 3197 858 3271 justus,
872 3216 958 3270 neque
973 3200 1068 3253 subtus
1080 3206 1178 3253 terram
1191 3192 1289 3268 aliquis
1299 3197 1379 3269 spiri·

324 3324 368 3371 tus
379 3317 581 3369 inveniabatur:
601 3316 711 3369 aceessit
722 3316 811 3386 imago
824 3304 858 3371 ad
875 3318 1027 3389 imaginem,
1040 3318 1157 3376 formasa
1171 3316 1378 3382 enumeratam,

321 3434 397 3507 justa
409 3433 443 3486 ad
454 3432 589 3505 injustam,
601 3435 698 3489 nobilis
710 3433 745 3488 ad
757 3435 910 3505 ignobilem,
924 3438 969 3507 pia
981 3437 1016 3491 ad
1028 3438 1146 3509 impiam,
1160 3436 1382 3491 etamu'adtmu·
1415 3438 1419 3447 '

325 3552 450 3608 aitsriam.
488 3554 570 3608 Venit
580 3573 704 3625 reparare
717 3554 791 3626 quod
803 3555 924 3625 perierat,
937 3558 1011 3612 venit
1028 3558 1136 3614 reficere
1154 3555 1226 3627 qued
1238 3555 1381 3609 deiecerat.

328 3674 398 3729 liaee
410 3674 499 3745 imago
513 3674 563 3728 Dei
584 3675 723 3728 invisibilis
740 3676 811 3731 iilius
832 3682 873 3729 eat
894 3676 1032 3731 Altissimi.
1070 3677 1112 3730 De
1131 3674 1187 3729 filiu
1207 3690 1324 3744 namque
1344 3672 1383 3732 eit

299 3833 300 3836 ,
330 3793 494 3863 Apostolus:
512 3794 566 3851 Qui
578 3800 617 3845 est
628 3792 717 3863 imago
731 3794 783 3848 Dei
795 3792 943 3847 invisibilis.
980 3794 1076 3867 Senius
1094 3810 1158 3845 vero
1179 3790 1383 3855 nihiiereditun,

328 3911 395 3964 nibil
407 3910 512 3986 dicitur,
527 3928 606 3981 quam
619 3928 700 3964 unam
713 3929 770 3963 essa
786 3910 930 3981 imaginem
950 3911 1030 3964 tatius
1048 3910 1192 3975 Trinitatis,
1206 3910 1292 3965 Patria
1314 3909 1385 3963 seili-

332 4038 383 4095 cet,
397 4029 467 4095 Filii,
482 4039 509 4083 et
521 4028 635 4099 Spiritus
647 4029 745 4083 Sancti.
783 4028 863 4083 Unde
877 4028 950 4083 Reda
962 4046 1040 4099 super
1053 4030 1192 4083 Faciamus
1204 4030 1341 4085 homiuem
1350 4028 1385 4083 sd

1535 450 1539 564 ι
