3100 5192
563 710 709 746 cerrenus
728 711 872 747 neronom.
1217 697 1251 747 35

196 830 303 901 qualem
332 830 392 884 fieri
419 831 507 886 vultis.
545 833 644 887 Modus
662 833 706 888 hic
725 835 857 888 suasibilis
874 833 910 887 od
927 832 1086 886 docendum
1123 831 1253 890 Naturale

194 952 325 1021 siquidem
349 961 389 1006 est
406 953 504 1007 cnimoe
522 955 652 1020 rationali,
672 955 822 1008 voluntario
839 962 914 1008 motu
931 971 1069 1008 occurrere
1085 954 1120 1008 de
1137 973 1166 1009 oe
1183 955 1252 1008 bene

195 1075 315 1146 opinanti
324 1076 480 1131 ethumeroe
489 1078 616 1132 inclinare
624 1078 783 1132 indubitotae
792 1078 936 1132 affectioni.
962 1078 1251 1148 Pronumoibiquoque

193 1196 314 1250 redhibet
334 1198 453 1251 animum
465 1198 500 1252 ed
512 1199 697 1266 obediendum,
711 1200 757 1270 qui
765 1201 839 1272 prius
848 1200 973 1253 amicitiae
984 1199 1068 1253 iidem
1079 1200 1172 1253 fecerit
1180 1207 1207 1252 et
1218 1198 1252 1254 de

193 1318 323 1386 probitate
330 1320 498 1389 persuaserit.
533 1320 674 1374 Crederem
688 1320 772 1386 vobis,
782 1321 807 1372 ci
824 1319 891 1374 mihi
907 1319 1028 1374 conscius
1041 1320 1070 1372 in
1090 1321 1252 1374 contrarium

195 1459 249 1496 non
262 1461 354 1497 essem.
368 1444 493 1510 Utinam,
507 1446 576 1499 sicut
588 1445 668 1499 sentit
679 1446 708 1498 in
721 1445 797 1500 vobio
809 1447 913 1510 carim,
927 1445 965 1499 eie
977 1445 1006 1498 in
1018 1463 1062 1498 me
1070 1443 1252 1516 mihireopon·

193 1564 267 1617 deret
275 1566 371 1618 veritas
381 1585 387 1619 :
423 1567 505 1619 immo
512 1567 626 1632 utinam,
638 1567 707 1620 siout
714 1585 730 1620 a
738 1568 848 1620 caritate
855 1566 1089 1638 veetraprofertun
1099 1567 1137 1620 cic
1145 1585 1162 1620 a
1172 1565 1250 1620 nobie

193 1685 221 1738 in
234 1686 345 1739 veritate
357 1686 537 1757 perficeretur.
575 1687 635 1752 Sed,
655 1695 686 1740 ut
703 1704 796 1741 verum
814 1687 906 1752 fateor,
919 1703 980 1740 rare
996 1686 1025 1740 in
1043 1686 1122 1740 nobis
1138 1686 1253 1741 nominis

192 1809 274 1862 nostri
287 1810 460 1880 interpretata
472 1810 578 1864 veritos.
615 1809 694 1863 Unus
707 1811 779 1864 enim
792 1818 832 1864 eet
843 1819 872 1863 et
882 1809 1029 1865 secundum
1040 1828 1095 1864 non
1107 1809 1196 1876 hebet,
1206 1812 1250 1864 cni

190 1928 302 1982 dicitur:
339 1929 490 1983 Secundum
502 1948 599 1984 nornen
611 1939 695 1996 tuum,
707 1930 746 1985 ite
758 1930 851 1984 etlaue
861 1931 1028 1985 tuainfines
1047 1939 1134 1985 terrae.
1170 1931 1249 1991 Quod

190 2051 365 2104 hocnomen?
400 2053 486 2104 Jesue.
522 2053 591 2111 Quae
599 2052 734 2106 istclouel
769 2051 1163 2123 SolvevitDominuepopulum
1171 2070 1249 2106 cuum

189 2191 207 2224 a
218 2173 335 2244 peccatis
349 2191 447 2226 eorum.
485 2174 589 2227 Revera
600 2174 645 2226 hio
663 2174 749 2239 decue,
763 2174 792 2228 in
807 2175 882 2247 cujus
900 2191 983 2228 manu
994 2173 1065 2228 solue
1083 2182 1175 2228 nostra
1192 2182 1246 2240 est3

188 2296 234 2348 hic
254 2297 335 2350 hebet
355 2314 460 2362 nomen,
481 2298 553 2368 quod
574 2305 613 2351 eet
625 2314 704 2369 super
716 2315 795 2352 omne
811 2315 919 2364 nomen,
927 2296 972 2351 lrie
989 2297 1105 2369 denique
1123 2298 1248 2352 virtutem

189 2417 297 2469 nomine
309 2434 419 2471 euonon
431 2418 591 2483 inferiorem,
606 2419 670 2488 quin
678 2418 766 2488 potius
784 2435 896 2472 numero
914 2425 941 2472 et
957 2426 1076 2489 tempore
1085 2426 1113 2470 et
1128 2418 1246 2488 pondere

188 2538 411 2592 excellentiorem.
449 2538 546 2592 Parum
566 2538 622 2591 dixi
635 2547 761 2610 tempore,
774 2537 870 2592 meliue
882 2538 954 2591 enim
963 2537 1079 2622 dicerem
1097 2538 1244 2592 eternitate.

189 2659 281 2713 Virtus
292 2659 352 2713 lraeo
365 2661 399 2713 ab
411 2667 510 2724 eterno,
524 2678 622 2714 nomen
638 2659 689 2713 hoc
702 2659 736 2712 od
750 2677 817 2725 aevo,
836 2659 921 2713 virtue
934 2659 991 2712 cine
1003 2666 1129 2730 tempore,
1146 2676 1244 2714 nomen

189 2800 223 2836 ex
234 2789 361 2854 tempore.
377 2784 409 2836 In
422 2784 541 2854 pondere
550 2782 723 2838 nihilominus
735 2783 827 2837 omnio
835 2782 919 2836 virtue
934 2781 1089 2836 Divinitotio
1103 2790 1242 2853 operetur:

187 2902 275 2972 ipsum
290 2920 395 2974 quoque
406 2921 504 2958 nomen
514 2904 587 2968 Jeou,
601 2903 625 2955 Ο
638 2901 743 2975 pondus
753 2919 859 2973 quoque
868 2902 984 2956 nominis
991 2901 1064 2956 Jeml
1075 2903 1135 2972 quie
1144 2919 1245 2974 eppen-

180 3021 256 3086 dere‚
272 3023 332 3092 quio
350 3022 526 3088 dinumerare,
552 3024 611 3093 quie
628 3025 750 3076 estimare
767 3022 856 3075 valeat
872 3022 923 3076 hoc
943 3040 1041 3075 nomen
1059 3023 1088 3074 in
1104 3022 1241 3094 ponderet

186 3142 333 3213 Nunquam
348 3143 405 3196 eine
417 3142 534 3214 pondere
546 3142 724 3196 nominandus
744 3150 785 3195 eet
805 3142 900 3196 Jenu:
919 3141 1039 3214 pondere
1056 3143 1150 3214 utique
1165 3161 1242 3198 canc·

186 3265 274 3329 tuerii,
289 3265 353 3334 quia
377 3282 456 3318 nemo
468 3273 555 3336 potest
568 3265 656 3318 dicere
669 3264 802 3319 Dominus
816 3265 895 3319 «loeus
907 3264 960 3319 nisi
971 3265 1000 3318 in
1016 3264 1112 3336 spiritu
1135 3266 1242 3320 Sancto.

186 3384 221 3437 Et
233 3384 261 3437 in
272 3385 331 3456 lege
344 3385 435 3455 Moysi
447 3385 484 3438 cio
497 3383 610 3452 dieitur3
641 3384 704 3439 Non
721 3403 839 3439 assumet
854 3403 952 3440 nomen
965 3385 1018 3440 uei
1029 3386 1069 3439 tui
1080 3385 1109 3438 in
1128 3404 1237 3440 vonum.

191 3503 290 3556 Paulus
304 3505 437 3575 apostolus
457 3523 511 3558 non
530 3505 558 3557 in
576 3523 675 3558 venum
692 3514 819 3570 curreret,
837 3513 870 3558 ut
883 3506 977 3575 potuit,
992 3506 1021 3558 in
1037 3507 1150 3560 vinculis
1170 3508 1240 3560 etin

185 3625 287 3677 catenis
298 3643 347 3695 ‘per
359 3625 494 3696 passiones
507 3625 676 3696 quotidianae
688 3625 739 3679 hoe
751 3641 850 3678 nomen
864 3627 1098 3696 cempereppoeuit
1107 3634 1134 3679 et
1146 3644 1240 3697 oppre-

185 3747 293 3801 hendit:
313 3747 364 3801 hoc
376 3748 447 3802 enim
468 3748 591 3819 estquod
606 3747 659 3801 eit:
679 3747 741 3802 Non
760 3753 823 3801 sunt
842 3747 984 3819 condigne
1004 3747 1140 3818 passiones
1157 3747 1237 3821 hujus

184 3875 246 3920 tem.
260 3870 308 3921 dic.
323 3877 350 3922 et
367 3868 431 3922 alios
450 3868 483 3921 de
502 3869 595 3922 eodem
613 3868 745 3940 pondere:
765 3867 904 3940 stigmate,
923 3868 1017 3939 inquit,
1037 3867 1111 3935 Jem,
1123 3877 1200 3940 porto
1208 3869 1237 3928 in

183 4004 292 4058 corpore
312 4006 379 4042 meo.
416 3988 490 4042 Alibi
502 3987 614 4042 dieitur:
635 3988 717 4044 Dedit
725 3988 938 4060 eipeternomen
946 3989 1149 4060 quodeeteuper
1158 4008 1236 4046 omne

181 4127 286 4174 nomen,
302 4110 349 4162 dcc.
369 4108 560 4180 Praeponderat
571 4109 622 4162 hoc
631 4126 736 4174 nomeu,
750 4108 929 4179 quodcunque
938 4117 1065 4162 creeturae
1073 4126 1171 4162 nomen
1184 4117 1232 4162 cst.

181 4228 241 4282 Hoc
254 4228 439 4301 compendiose
451 4228 572 4294 dixerim,
585 4235 616 4280 ut
627 4228 711 4282 colum
723 4227 890 4299 designarem
902 4227 961 4299 quie
973 4227 1119 4283 secundum
1136 4245 1234 4281 nomen

180 4349 260 4404 habet
269 4357 295 4402 et
302 4348 434 4404 virtutem.
449 4347 550 4404 Rursus
562 4347 669 4404 reflecto
682 4348 806 4404 intuitum
819 4348 853 4401 ad
866 4347 1002 4421 epistolem
1011 4365 1072 4420 quoe
1080 4348 1233 4402 sloutturrio
