3100 5192
628 557 763 598 arrsroun
1186 549 1219 597 55

163 680 319 754 praevalide
332 681 495 735 obstiterunt.
534 682 626 736 Unum
637 685 733 737 horum
745 685 796 737 fuit
809 683 879 753 quod
900 683 942 736 W.
957 690 1051 747 vester,
1064 683 1145 736 immo
1166 701 1228 737 vere

161 812 266 868 noster,
280 803 392 857 aliems
403 821 451 873 per
459 803 602 856 nosredire
614 803 713 868 debuit,
722 812 748 857 et
757 805 836 875 juxta
850 819 927 857 suum
936 803 1075 859 consilium
1088 803 1227 874 disponere

164 923 305 992 negotium
317 921 385 974 illud
398 921 496 974 distuli.
536 922 598 974 Non
611 931 700 975 autem
712 941 761 993 per
772 941 821 975 uos
845 923 926 975 venit.
965 923 1059 992 Itaque
1078 923 1154 975 mitto
1175 923 1227 974 fra-

166 1051 237 1095 trem
248 1042 292 1094 W.
306 1041 470 1095 monachum
482 1050 613 1107 nostrum,
626 1050 657 1095 ut
664 1045 744 1114 juxta
757 1044 893 1113 exemplar
906 1042 977 1112 quod
989 1043 1022 1095 ab
1036 1060 1080 1095 ore
1096 1050 1140 1095 tuo
1152 1043 1226 1096 detu-

160 1157 233 1240 lerit
248 1157 339 1210 omnia
359 1157 495 1210 iaciamus.
532 1158 576 1210 Ad
598 1166 692 1227 nutum
711 1159 782 1211 enim
803 1166 878 1212 tuum
898 1176 1001 1228 semper
1018 1159 1136 1212 facturus
1158 1177 1224 1225 sum,

167 1276 306 1347 praecipue
317 1275 347 1328 in
358 1276 465 1345 Anglia,
479 1275 606 1346 quicquid
618 1277 724 1331 dixeris.
760 1277 855 1346 Neque
868 1278 939 1331 enirn
952 1278 1011 1330 volo
1024 1295 1080 1331 esse
1092 1278 1139 1332 tibi
1152 1279 1226 1332 onen'

166 1395 220 1447 lroc
233 1413 320 1466 genus
331 1395 443 1466 negotii,
454 1396 525 1464 quod
537 1397 610 1448 omni
628 1397 740 1450 honesto
760 1397 818 1449 viro
840 1397 979 1449 molestum
1000 1417 1057 1452 esse
1075 1416 1129 1453 non
1159 1399 1225 1451 dub·

168 1516 214 1566 ito.
228 1515 416 1585 Cujuscunque
428 1532 544 1585 namque
555 1515 728 1581 emolumenti
738 1516 814 1568 lucra
830 1517 987 1586 reportaturi
1003 1524 1072 1582 sunt,
1085 1535 1134 1587 pro
1153 1518 1224 1570 vilis·

136 1713 143 1726 ὁ
165 1634 231 1687 limo
243 1641 358 1688 stercore
369 1634 507 1689 habiturus
519 1654 586 1701 sum,
601 1636 624 1689 si
635 1635 678 1690 vel
690 1636 725 1689 ad
737 1636 871 1690 modicum
892 1637 959 1689 fides
978 1637 1021 1690 vel
1040 1637 1128 1707 pudor
1146 1639 1226 1691 faciei

168 1766 223 1810 tuoe
242 1765 334 1810 contra
355 1758 502 1811 senserunt.
539 1758 644 1811 Mando
662 1758 750 1829 igitur,
772 1759 855 1812 immo
876 1759 969 1831 adjuro
989 1760 1132 1812 amicitiam
1148 1767 1222 1814 tuam

171 1875 375 1941 sanctissimam,
388 1893 423 1929 ne
435 1876 469 1930 de
481 1883 551 1930 statu
561 1884 616 1930 tuae
628 1877 794 1931 rectitudinis
806 1855 914 1949 propter
932 1897 975 1931 me
994 1879 1090 1948 pedem
1109 1897 1225 1943 moveas,

171 1996 220 2048 sed
233 1997 304 2065 qdod
312 1998 415 2067 justum
433 2002 460 2048 et
470 1996 571 2049 bonum
583 1996 610 2048 in
624 1996 707 2049 oculis
719 1998 772 2049 tuis
784 1996 872 2062 fuerit,
885 1998 1066 2050 indubitanter
1077 1999 1225 2064 remandes,

170 2133 240 2185 pace
252 2123 279 2168 et
289 2115 417 2185 patientia
428 2116 457 2168 in
470 2115 591 2168 dissimili
608 2116 688 2186 juxta
707 2116 787 2168 verba
808 2115 859 2168 oris
878 2116 917 2168 tui
926 2116 1038 2169 alterum
1057 2117 1130 2186 quod
1157 2117 1222 2170 libet

169 2243 326 2308 accepturus
339 2254 417 2290 sum:
437 2235 538 2290 scilicet
548 2235 652 2290 mittere
663 2236 707 2290 vel
718 2253 773 2289 non
786 2237 888 2292 mittere
897 2237 1092 2311 praedicatores
1131 2238 1172 2292 De
1184 2238 1226 2291 his

166 2357 304 2411 hactenus.
378 2363 380 2367 '

202 2477 337 2528 Caeterum
350 2475 452 2555 ernltat
460 2475 567 2547 spiritus
579 2493 653 2528 meus
665 2476 693 2528 in
707 2474 764 2530 Deo
777 2476 886 2528 salutari
895 2493 971 2540 meo;
991 2482 1046 2530 tam
1071 2476 1104 2530 de
1116 2477 1226 2531 uavissi-

166 2614 212 2649 mo
223 2595 376 2650 bonoodore
385 2596 517 2666 opinionis
525 2603 580 2649 tuae
587 2613 668 2666 quam
678 2595 711 2648 de
722 2596 895 2667 prosperitate
907 2604 962 2650 tua.
999 2596 1076 2650 Unus
1089 2613 1116 2648 es
1127 2604 1226 2649 morta-

175 2718 241 2772 lium
256 2718 374 2771 omnium
394 2718 436 2770 oui
453 2735 522 2788 pene
540 2718 662 2772 invident
678 2735 770 2770 omnes
783 2718 861 2770 amici
878 2719 962 2771 nostri
979 2735 1034 2770 non
1052 2718 1191 2783 immerito,
1205 2721 1226 2771 si

175 2847 277 2911 quanta
287 2839 465 2910 praemgativa
476 2856 532 2908 prae
545 2839 668 2893 omnibus
680 2838 732 2891 illis
744 2839 835 2892 sedem
847 2846 919 2892 tuam
937 2839 965 2891 in
984 2840 1125 2910 principali
1136 2847 1227 2893 nostro

177 2959 349 3014 collocaveris
361 2957 536 3011 attenderent.
573 2958 648 3011 Inter
656 2966 711 3010 tres
722 2959 822 3028 priores
834 2965 863 3009 tu
874 2959 997 3027 princeps
1010 2965 1036 3009 et
1048 2959 1083 3008 ad
1094 2965 1120 3009 te
1137 2959 1226 3012 nescio

173 3081 196 3132 si
209 3077 306 3147 aliquis
314 3079 450 3149 pervenire
459 3079 549 3149 possit.
569 3077 699 3146 Magister
709 3077 753 3128 W.
767 3083 794 3129 et
805 3076 930 3145 magister
942 3076 975 3128 R.
989 3075 1132 3130 amicitiam
1146 3093 1226 3144 quam

170 3199 206 3252 ad
218 3204 247 3254 te
259 3198 360 3252 habent
370 3200 399 3252 in
410 3199 517 3269 negotio
528 3196 667 3252 Hauwidis
678 3196 766 3269 neptis
772 3204 870 3250 nostrae
879 3196 1125 3267 comprobaverunt.
1172 3194 1227 3248 Ste-

173 3327 265 3372 terunt
273 3320 345 3372 enim
352 3337 400 3389 pro
409 3319 504 3371 marito
512 3319 566 3374 sive
574 3317 745 3371 matrimonio
755 3318 820 3389 ejus,
828 3335 863 3370 ne
871 3317 1034 3371 scinderetur
1042 3324 1097 3370 tam
1105 3324 1227 3368 constan-

167 3449 210 3494 ter
224 3441 253 3492 in
266 3440 340 3492 curia
351 3457 433 3510 quum
444 3438 566 3492 fideliter.
585 3440 647 3492 Nou
659 3440 691 3491 iis
703 3439 821 3492 modicas
833 3446 920 3507 grates
931 3439 1036 3491 referas.
1081 3438 1226 3491 Dominum

175 3558 406 3629 archiepiscopum
418 3566 538 3630 exparte
549 3565 638 3612 nostra
651 3558 748 3611 salutes
760 3564 788 3609 et
799 3573 890 3609 omnes
903 3556 1002 3608 amicos
1014 3557 1118 3608 nostris.

343 3683 379 3732 24
406 3677 614 3734 FRATRIBUS
632 3677 683 3730 DE
701 3674 832 3729 MONTE
851 3674 916 3727 DEI
936 3673 1043 3727 IDEM.

204 3819 356 3855 csnrssnrrs
369 3819 427 3855 sors
439 3820 468 3854 n.
481 3818 576 3854 sarem
589 3817 666 3853 cuns.
681 3818 706 3852 o.
720 3815 899 3863 cismarinam,
914 3815 941 3850 n.
956 3815 1055 3850 unsorr
1069 3813 1132 3850 urus
1143 3813 1176 3848 nr
1199 3815 1222 3849 r.

168 3939 335 3976 rurrsrrsruo
347 3940 455 3977 isarna
465 3940 490 3976 o.
501 3939 644 3987 sacranos,
665 3939 759 3986 curor,
768 3939 878 3974 namon
898 3938 931 3973 nr
944 3938 1055 3973 csunsn
1069 3936 1220 3972 norocnus·

172 4061 200 4096 rr
213 4061 351 4096 usrurrnr
364 4061 485 4098 cessans
498 4062 527 4096 ru
541 4060 653 4097 ononnu
665 4060 832 4096 svsvmrrs.

201 4165 271 4217 Cum
285 4164 355 4222 Isaia
365 4164 410 4219 vel
421 4164 559 4219 Abraham
572 4164 607 4220 ed
629 4171 746 4218 montem
771 4162 823 4215 Dei
846 4160 962 4224 ascendi,
976 4159 1023 4215 sed
1047 4159 1135 4212 asinus
1160 4172 1220 4207 cum
