3100 5192
354 589 388 638 40
810 604 835 638 e.
857 602 968 637 sanaris

358 736 414 778 tum
432 727 478 796 qui
491 741 524 778 ex
537 724 595 778 Deo
608 734 655 789 est,
669 733 700 776 ut
712 725 825 778 sciamus
838 743 898 796 quae
912 744 928 777 a
936 726 994 777 Deo
1006 723 1104 777 donata
1116 732 1178 776 sunt
1186 725 1271 778 nobis.
1310 725 1344 777 In
1351 725 1417 778 filiis

359 847 439 918 hujus
451 847 533 900 seculi
544 846 603 898 haeo
617 846 804 916 comprobatur
815 844 963 916 prudentia,
978 843 999 897 si
1012 862 1053 897 res
1065 844 1203 896 familiaris
1211 845 1347 914 frequenti
1355 864 1417 916 sup·

356 969 493 1039 putatione
512 968 624 1021 creverit
642 966 827 1037 multiplicata.
866 967 962 1019 Itidem
981 967 1129 1020 coelestium
1146 967 1299 1037 negotiator
1317 987 1416 1022 merce-

356 1089 419 1142 dum
441 1089 596 1160 quotidiana
609 1089 788 1142 emolumenta
800 1088 906 1141 assidua
929 1089 1130 1142 ratiocinatione
1146 1088 1226 1141 debet
1242 1107 1414 1160 compensare

354 1219 380 1262 et
405 1228 466 1279 quae
484 1209 580 1279 {minus
605 1208 641 1262 ad
660 1209 814 1262 thesaurum
834 1209 981 1273 sufiiciunt,
1002 1209 1075 1262 omni
1094 1210 1222 1262 instantia
1247 1211 1409 1280 perquirere,

357 1329 436 1382 Unde
449 1330 605 1383 Psalmista:
625 1330 726 1382 Notum
739 1329 782 1381 fac
794 1327 868 1393 mihi,
883 1329 1008 1393 Domine,
1022 1329 1107 1382 finem
1125 1347 1214 1382 meum
1231 1339 1258 1382 et
1269 1348 1411 1384 numerum

356 1451 459 1504 dierum
472 1468 506 1504 m.
522 1470 547 1522 q.
562 1469 585 1504 e.
599 1469 624 1504 v.
638 1470 659 1504 s,
673 1470 698 1522 q.
713 1451 738 1504 d.
753 1451 827 1504 mihi.
841 1450 983 1511 Quomodo
999 1468 1116 1521 namque
1131 1451 1295 1521 potestscire
1306 1451 1329 1503 is
1349 1452 1412 1521 quid

356 1574 406 1627 sibi
432 1573 505 1626 deest
530 1573 573 1626 cui
591 1590 644 1624 non
671 1581 775 1625 constat
802 1572 874 1643 quod
892 1572 987 1624 adestl
1023 1570 1118 1642 ltaque
1127 1573 1246 1642 requirat
1255 1573 1409 1635 sarcinulas,

355 1694 490 1763 marsupia
498 1694 622 1758 excutiat,
636 1694 777 1763 pecuniam
791 1693 926 1763 appendat
933 1694 961 1745 in
971 1694 1177 1764 statera,cogitet
1186 1695 1411 1764 sumptus‚drach-

353 1833 411 1866 mas
425 1813 678 1884 computet,domum
691 1821 794 1865 avertat
805 1822 836 1866 ut
848 1813 915 1866 sciat
932 1814 997 1884 quid
1012 1815 1081 1868 desit
1097 1815 1155 1868 sibi.
1192 1815 1219 1866 Si
1239 1815 1336 1868 desunt
1355 1816 1410 1885 agri

354 1934 531 2006 primitiarum
541 1934 634 1987 fertilis
643 1932 767 1986 videlicet
779 1934 875 1987 caritas
889 1951 1063 2005 supernarum
1073 1936 1218 1988 virtutum:
1237 1937 1259 1988 si
1267 1936 1409 1990 Paradisus

354 2056 484 2110 malorum
497 2056 666 2122 Punicorum,
680 2056 782 2110 scilicet
794 2055 933 2127 plenitudo
941 2056 1073 2109 bonorum
1090 2075 1208 2127 operum,
1218 2059 1239 2110 si
1248 2058 1307 2111 lons
1322 2058 1409 2111 horto-

354 2195 421 2241 rum,
434 2176 485 2230 hoc
498 2186 537 2230 est
549 2196 619 2229 vena
631 2186 782 2230 sanctarum
795 2177 999 2242 devotionum,si
1010 2178 1208 2231 reclinatorium
1220 2181 1410 2250 aureum,quod

354 2306 393 2350 est
417 2297 521 2366 requies
541 2297 659 2350 omniurn
678 2297 859 2362 affectionum,
879 2298 994 2364 festinet,
1015 2298 1153 2364 discurrat,
1172 2301 1343 2370 transmigret
1363 2319 1410 2372 per

354 2419 497 2484 nundinas,
511 2437 559 2490 per
570 2417 661 2483 maria,
676 2418 829 2472 discrimina
843 2428 869 2472 et
880 2438 928 2490 per
945 2420 1067 2489 regiones
1084 2429 1207 2485 remotas,
1220 2422 1272 2473 nisi
1284 2439 1338 2475 non
1357 2422 1410 2474 suf-

349 2541 448 2594 ficiunt
459 2540 735 2612 propriasuccurrunt
748 2540 844 2593 aliena.
881 2540 1016 2594 Praeterea
1028 2549 1054 2594 et
1065 2540 1157 2611 puella
1169 2550 1274 2612 quaerat
1284 2542 1375 2595 lanam
1383 2550 1409 2595 et

259 2710 265 2718 ,
352 2661 447 2726 linum,
458 2669 489 2714 ut
509 2679 543 2713 ex
557 2679 611 2713 uno
624 2661 739 2714 calidam
749 2679 783 2713 ex
796 2660 880 2713 altera
888 2661 969 2712 faciat
977 2660 1119 2714 candidam
1138 2661 1264 2715 tunicam.
1301 2662 1410 2715 Martha

354 2783 440 2836 calida
452 2782 542 2847 utitur,
558 2782 673 2835 candida
686 2781 782 2834 Maria.
821 2782 890 2834 Haee
909 2783 980 2834 euim
999 2783 1105 2849 actioni,
1124 2784 1172 2838 illa
1190 2785 1409 2854 contemplationi

353 2911 473 2975 aptatur:
493 2902 552 2956 haec
580 2909 645 2968 orat,
664 2902 712 2955 illa
729 2902 850 2956 laborat:
870 2902 945 2955 sedet
961 2903 1020 2968 ista,
1040 2904 1087 2956 illa
1104 2904 1197 2959 sudat:
1216 2904 1274 2957 haec
1288 2905 1409 2974 quiescit,

351 3026 399 3080 illa
411 3025 509 3079 currit:
529 3025 585 3079 exit
596 3025 655 3090 ista,
669 3025 751 3078 intrat
768 3023 832 3077 illa:
850 3023 902 3076 ista
920 3023 1034 3089 inchoat,
1055 3024 1102 3078 illa
1120 3033 1294 3079 consummat.
1332 3025 1409 3078 Felix

352 3148 448 3212 anima,
464 3149 538 3219 cujus
550 3147 743 3217 promtuarium
760 3145 825 3198 talia
842 3145 949 3199 resudat
966 3154 1111 3217 unguenta,
1131 3149 1207 3217 eujus
1225 3146 1326 3199 dolium
1344 3146 1409 3199 talia

351 3265 469 3319 refundit
479 3265 624 3318 libamina:
645 3266 720 3335 eujus
732 3264 879 3334 virgultum
892 3265 1022 3337 ejusmodi
1034 3266 1117 3319 stillat
1131 3265 1259 3332 balsama,
1280 3267 1408 3338 cujusque

349 3387 473 3439 horreum
492 3386 627 3439 simillima
644 3387 762 3440 continet
780 3395 906 3439 aromata.
942 3388 1058 3440 Felicem
1077 3388 1189 3442 dixerim
1209 3397 1235 3441 et
1251 3389 1341 3442 locum
1362 3387 1410 3440 ubi

350 3506 416 3565 tales
442 3515 627 3579 comparantur
646 3507 760 3579 species;
781 3507 827 3559 ubi
845 3525 959 3579 gemmae
977 3517 1096 3561 veneunt
1113 3509 1342 3580 incomparabiles,
1361 3507 1408 3560 ubi

351 3632 447 3702 exiguo
460 3631 545 3702 pretio
556 3647 598 3682 res
617 3630 791 3700 acquiruntur
809 3629 887 3682 valde
906 3629 1101 3683 desiderabiles.
1137 3630 1210 3695 Vidi,
1230 3630 1285 3683 vidi
1303 3630 1331 3682 ln
1350 3630 1407 3682 foro

349 3755 495 3824 speculum,
508 3770 563 3805 non
576 3751 652 3803 alteri
665 3768 745 3820 quam
755 3750 822 3802 filiae
834 3750 904 3820 regis
918 3768 1080 3820 congruum3
1094 3751 1150 3803 ridi
1162 3751 1269 3816 monile,
1277 3768 1333 3802 non
1341 3750 1405 3803 alte·

348 3890 408 3926 rum
418 3890 498 3942 quam
507 3873 614 3924 intactae
622 3869 732 3940 virginis
741 3870 809 3926 collo
819 3870 1042 3941 appendendum:
1062 3871 1113 3924 hoc
1126 3871 1264 3941 speculum
1277 3870 1406 3924 castitatis

350 4002 396 4059 est,
410 3993 514 4046 virtutis
528 4000 554 4046 et
565 3992 729 4057 humilitatis,
751 4010 832 4063 quam
849 3999 920 4044 terra
937 4000 1028 4045 nostra
1047 3993 1075 4045 in
1093 3992 1208 4063 publicis
1227 3992 1406 4045 contractibus

347 4119 476 4172 hactenus
488 4117 653 4171 habere'non
673 4115 817 4169 consuevit.
856 4115 909 4168 Res
925 4114 1057 4185 siquidem
1073 4124 1113 4169 est
1122 4115 1202 4186 pretii
1218 4114 1405 4169 inestimabilis

346 4258 405 4296 raro
423 4240 561 4294 inveniens
579 4238 753 4302 venditorem,
767 4237 853 4290 rarius
866 4244 1020 4307 emptorem.
1058 4236 1090 4289 ln
1104 4239 1161 4307 ejus
1175 4244 1246 4289 certe
1267 4253 1405 4306 compara·
