3100 5192
321 659 356 709 36
780 678 805 711 e.
827 675 939 712 aenaria

322 795 411 850 David
435 797 561 851 edilium
573 805 612 852 est
625 815 686 852 curn
694 799 909 872 propugnaculis,
922 796 996 852 mille
1008 797 1096 869 clypei
1107 797 1226 870 pendent
1232 815 1267 851 ex
1275 815 1315 863 ea,
1324 817 1379 853 om-

322 915 365 969 nis
385 923 519 970 anuatura
530 916 645 971 fortium.
685 917 728 972 Ad
741 917 806 990 quid
818 926 908 972 tantus
920 918 1075 988 appmtnst
1109 917 1214 990 opinor
1225 918 1380 973 voluistisin

323 1053 366 1090 me
378 1045 425 1090 aut
436 1045 533 1092 terrere
545 1055 637 1092 sensus
648 1039 757 1092 hebetes
769 1039 908 1110 majestate
921 1055 1054 1104 sensuum,
1089 1037 1281 1092 numerositate
1293 1057 1382 1092 exem·

323 1157 435 1230 plorum,
448 1157 620 1242 perplexiaue
632 1159 865 1214 ratiocinationum
880 1159 1027 1225 subtilium,
1044 1166 1092 1212 aut
1107 1158 1221 1212 inertem
1236 1176 1380 1230 provocare

323 1277 483 1333 emulatione
508 1278 663 1346 studiorum,
689 1287 736 1333 aut
747 1287 874 1334 moestum
886 1279 1016 1334 consolari
1027 1279 1207 1351 pulcritudine
1218 1297 1378 1345 amenum,

324 1406 371 1452 aut
398 1397 537 1453 indoctum
557 1396 683 1452 addicere
707 1399 879 1470 persuasione
907 1399 1132 1464 adhortationum,
1151 1407 1199 1453 aut
1227 1400 1380 1454 satisfacere

328 1522 522 1594 importunitati
542 1541 610 1576 mee
623 1523 811 1578 abundantiori
829 1524 935 1595 gurgite
947 1523 1143 1578 auctoritatem.

399 1645 452 1700 Sed
474 1645 651 1716 quodcunque
663 1644 758 1698 horum
771 1645 944 1712 attenderitis,
957 1644 1072 1716 optabile
1084 1653 1112 1698 et
1134 1644 1212 1698 valde
1227 1661 1319 1698 carum
1333 1645 1379 1700 ba·

323 1767 382 1831 bec,
393 1765 465 1836 quod
476 1769 694 1840 occupationibus
706 1768 800 1821 vestris
812 1766 949 1831 cesseritis,
959 1774 986 1819 et
997 1763 1066 1819 sicut
1077 1765 1200 1818 Rebecca
1210 1765 1335 1836 hydriam
1346 1765 1379 1819 de

324 1886 440 1958 scapulis
450 1887 614 1944 lassitudinis
626 1897 721 1944 vestrae
737 1887 937 1942 inclinaveritis.
973 1886 1378 1958 Refluentesffquippeproeella-

324 2039 384 2076 nnn
395 2022 579 2090 revolutiones,
592 2024 688 2096 quibus
699 2021 834 2077 interdum
845 2021 996 2075 ascenditur
1007 2038 1092 2091 usque
1103 2021 1139 2074 ed
1158 2019 1265 2086 coelum,
1282 2029 1310 2075 et
1323 2021 1381 2074 dee·

325 2144 446 2197 cenditur
457 2163 541 2214 usque
552 2145 588 2199 ad
599 2146 734 2218 abyssum,
748 2145 807 2215 quis
818 2144 862 2196 vel
874 2143 909 2196 ad
924 2143 1059 2197 modicum
1073 2141 1164 2196 credat
1182 2142 1274 2196 abesse
1292 2141 1380 2196 abbati

306 2343 308 2348 A
323 2279 393 2316 novo
406 2262 595 2317 cluniacensi?
629 2263 695 2323 Quis
707 2262 740 2316 de
752 2263 854 2334 abyssis
864 2270 943 2316 terrae
955 2271 982 2316 et
992 2270 1053 2334 post
1063 2263 1171 2316 tertium
1182 2261 1254 2316 diem
1265 2280 1320 2318 uon
1331 2263 1381 2315 mi·

323 2391 396 2439 retur
407 2385 560 2456 emergeret
593 2385 660 2446 Quis
671 2403 726 2440 non
742 2384 917 2456 compatiatur
931 2385 1049 2456 gementi
1063 2383 1113 2438 sub
1130 2386 1226 2455 aquis?
1261 2385 1380 2438 Scribere

324 2507 457 2578 quomodo
480 2508 560 2576 velet,
586 2525 665 2579 quem
690 2506 867 2578 degrandinat
884 2506 1036 2560 sollicitudo
1054 2507 1181 2561 continua
1198 2516 1225 2560 et
1242 2523 1379 2577 uunquam

325 2629 422 2698 quieta.
459 2628 512 2684 Sed
524 2629 570 2682 ubi
582 2629 747 2683 obstaculum
759 2629 864 2698 agrius,
876 2627 914 2680 ibi
928 2645 1033 2681 necesse
1045 2635 1086 2681 est
1100 2645 1129 2681 se
1146 2627 1271 2698 expediat
1287 2628 1379 2697 iugen-

327 2749 384 2800 ium
397 2748 527 2818 egregius.
563 2745 741 2801 Proculdubio
749 2749 835 2818 animi
847 2747 976 2818 elegantis
985 2756 1025 2802 est
1033 2766 1105 2802 curae
1125 2748 1299 2803 sacularibus
1309 2747 1383 2802 hora-

323 2865 412 2920 inibus
420 2865 553 2937 indignari
560 2874 587 2920 et
594 2884 643 2938 per
650 2866 751 2920 medias
759 2866 986 2938 interpellantium
995 2868 1073 2934 acies,
1084 2869 1271 2924 adlectionum
1280 2885 1381 2921 amaen-

323 2987 415 3044 issima
425 2993 502 3060 prata
514 2993 541 3041 et
551 2986 722 3042 solitudinem
731 2986 852 3053 liberam,
865 2987 939 3062 velut
950 2987 1051 3042 solutus
1064 3006 1164 3060 onager
1174 2988 1287 3042 evolare.
1311 2987 1380 3042 con·

324 3117 366 3164 tra
377 3108 447 3162 banc
459 3081 513 3162 vid
525 3125 542 3161 a
552 3116 666 3180 praetere
678 3108 783 3163 nullum
794 3109 950 3180 proponitur
961 3108 1140 3162 interdictum.
1176 3108 1246 3162 Haec
1263 3109 1304 3162 vis
1321 3126 1383 3179 pro·

322 3229 436 3283 babssicr
447 3237 488 3282 eet
498 3245 579 3298 quam
591 3227 721 3282 desidiosa
732 3228 876 3299 patientia;
895 3229 943 3295 vis,
961 3229 1080 3300 iuquam,
1099 3230 1159 3284 lucc
1177 3247 1231 3284 non
1248 3229 1381 3301 improba·

323 3348 393 3413 bilis,
414 3347 437 3401 ei
448 3357 606 3420 rumpantur
622 3348 683 3402 novi
702 3347 781 3402 funes
797 3349 915 3402 contexti
932 3357 959 3404 et
975 3351 1091 3404 catenati
1108 3351 1223 3406 nexibus
1239 3368 1378 3405 caumrum

324 3477 461 3542 tamquam
481 3468 642 3541 sprofundo
654 3467 734 3522 maris
746 3470 946 3541 emergentium.
982 3471 1031 3526 Est
1048 3480 1075 3527 et
1092 3472 1165 3526 aliud
1183 3472 1330 3538 eonsilium,
1348 3480 1380 3526 ut

322 3590 370 3646 ubi
381 3609 436 3646 nou
449 3599 511 3646 suut
522 3591 590 3646 vires
602 3591 637 3644 ad
648 3592 703 3644 vim
715 3591 875 3658 faciendam,
888 3591 958 3646 adsit
969 3593 1106 3663 ingenium
1124 3592 1159 3646 ad
1176 3593 1312 3648 laudabile
1323 3593 1378 3648 fur·

322 3722 380 3769 tum
393 3713 619 3778 committendum,
633 3711 667 3766 de
680 3730 733 3783 quo
744 3721 834 3768 tamen
846 3731 900 3768 nou
912 3716 1118 3768 nascaturactio
1134 3715 1208 3769 firrti.
1245 3715 1279 3768 In
1300 3733 1380 3769 evan

321 3834 392 3906 gello
404 3835 475 3888 euim
488 3833 688 3896 commendatur
699 3834 802 3899 mulier,
816 3853 877 3905 quae
889 3842 1001 3906 tangens
1012 3835 1029 3888 J
1031 3853 1105 3890 esum
1117 3837 1241 3891 virtutem
1250 3836 1379 3891 atimbria

321 3955 472 4011 vestimenti
484 3957 541 4028 ejus
551 3955 622 4010 furto
634 3955 794 4027 subripuisse
806 3968 1034 4013 commemoratur.
1070 3959 1181 4014 Furtum
1193 3978 1300 4031 prorsus
1309 3979 1378 4014 com·

321 4077 481 4144 mendabile,
495 4077 516 4130 si
529 4086 555 4132 te
568 4077 655 4149 ipsum
667 4078 716 4132 tibi
727 4077 779 4150 ipsi
791 4087 819 4132 et
830 4079 991 4134 dominetuo
1001 4080 1035 4134 ab
1044 4081 1153 4135 incursu
1161 4083 1376 4136 concursantium

320 4201 485 4256 subduxeris.
521 4201 610 4272 Aquae
628 4201 699 4254 enim
716 4201 823 4254 furtiva
842 4201 972 4256 dulciores
989 4210 1052 4256 sunt
1068 4210 1096 4256 et
1112 4202 1190 4274 panis
1208 4202 1378 4258 absconditus

300 4328 308 4340 ”
320 4327 433 4382 auarior.
472 4325 559 4380 Valde
571 4324 726 4396 saporabilis
736 4325 825 4391 lectio,
839 4343 920 4396 quam
934 4344 988 4381 non
1000 4327 1168 4398 interpellata
1179 4328 1269 4383 sorbet
1279 4330 1377 4386 anima
