3100 5192
520 671 672 733 nnuvausrs
696 699 842 734 srisroasn

333 941 365 991 21
380 939 577 994 MAGISTRO
589 943 729 997 JOANNI
743 943 1038 998 SARESBERIENSI.

191 1077 330 1113 uacrsrno
349 1081 398 1114 suo
411 1081 432 1116 r.
446 1082 480 1115 na
494 1082 601 1116 sannas.
612 1083 678 1117 snus
690 1085 716 1117 c.
730 1083 865 1118 sscnnnos
884 1085 1014 1122 ourconm
1033 1085 1134 1120 usurus
1165 1085 1212 1120 nsr

155 1199 185 1232 m
198 1199 261 1235 vrrs
275 1201 416 1236 ransaurr
429 1202 490 1237 s1vn
502 1204 618 1238 sununs.

226 1305 305 1358 More
317 1306 429 1360 sitientis
441 1309 490 1361 sub
502 1317 570 1361 aestu
582 1317 609 1362 et
619 1309 815 1380 praestolatione
832 1311 878 1362 diu
898 1309 1039 1362 desiderati
1059 1316 1145 1381 potus
1160 1311 1217 1380 jam

153 1425 211 1494 jam
230 1443 309 1496 supra
327 1427 436 1480 modum
447 1429 560 1499 fatigati,
578 1431 716 1483 vasculum
731 1430 868 1482 literarum
891 1438 996 1482 tuarum
1021 1437 1141 1483 amanter
1154 1448 1215 1482 sus-

159 1543 267 1612 cipiens,
284 1545 408 1599 ardenter
419 1546 547 1617 relegens,
563 1548 716 1619 frequenter
729 1550 894 1619 resupinans,
914 1556 940 1600 et
954 1548 1029 1618 quasi
1037 1549 1100 1601 novi
1120 1556 1212 1617 gustus

154 1662 294 1717 iteratione
306 1665 335 1717 in
348 1665 495 1719 dulcedinis
507 1667 670 1720 abundantia
682 1669 718 1720 ad
729 1669 843 1721 fundum
864 1686 947 1738 usque
960 1668 1046 1721 ebibo.
1056 1666 1215 1738 Duplicatur

128 1771 131 1776 ¹
162 1785 245 1838 immo
254 1786 408 1857 triplicatur,
421 1788 535 1859 legentis
547 1790 666 1856 affectus,
679 1792 725 1843 ubi
737 1792 848 1844 materia
859 1791 1020 1861 gratitudine
1033 1790 1121 1844 dilecti
1129 1791 1212 1842 animi

160 1915 187 1960 et
199 1908 252 1960 stili
260 1909 410 1979 jucundam
422 1911 587 1982 lepiditatem
605 1921 722 1983 optatam
728 1913 885 1966 narrationis
893 1914 985 1966 seriem
993 1913 1110 1984 praelert.
1123 1912 1212 1964 Sensi-

156 2029 207 2079 bus
219 2027 412 2098 philosophicis
421 2047 482 2097 quae
494 2031 586 2082 scribis
595 2031 762 2096 condiuntur,
771 2033 908 2101 rhetoricis
915 2031 1045 2085 coloribus
1054 2030 1208 2092 vestiuntur,

150 2148 349 2202 decentissimis
371 2148 461 2219 legum
487 2151 647 2204 ornamentis
656 2150 822 2217 decorantur,
836 2152 965 2206 columnis
981 2151 1140 2221 evangelicis
1160 2151 1210 2202 ful-

155 2271 272 2333 ciuntur,
287 2276 313 2322 et
326 2269 397 2338 quod
416 2269 451 2322 ad
471 2271 569 2323 amicos
593 2271 696 2337 attinet,
713 2272 815 2324 mellito
835 2291 928 2343 sapore
948 2271 1133 2325 decentissime
1153 2271 1210 2322 dul-

155 2393 288 2442 corantur.
325 2390 465 2443 Siluorum
477 2409 568 2461 quaero
584 2393 782 2457 sententiarum,
793 2393 815 2446 si
834 2393 990 2456 doctrinam,
1004 2393 1026 2444 si
1038 2390 1207 2460 voluptatem,

112 2549 116 2554 .
145 2511 171 2562 si
187 2511 327 2563 verborum
336 2512 499 2582 juncturam.
510 2511 533 2564 si
544 2512 641 2564 amoris
648 2513 788 2565 veritatem
803 2520 829 2564 et
843 2512 1019 2576 dulcedinem,
1029 2509 1145 2562 inliteris
1158 2510 1208 2560 tuis

151 2631 213 2683 haec
240 2631 344 2684 abunde
361 2631 472 2702 reperio.
509 2632 593 2685 Navis
609 2633 647 2684 ibi
665 2632 701 2684 ad
716 2632 872 2696 natandrun,
890 2631 981 2684 hortus
1000 2629 1153 2683 deliciarum
1174 2628 1208 2678 ad

156 2750 389 2816 deambulandum,
408 2769 501 2804 mensa
520 2751 602 2822 plena
618 2759 645 2804 et
659 2759 753 2822 parata
763 2752 799 2804 ad
811 2751 1013 2815 convivandum,
1029 2749 1141 2804 lectulus
1159 2749 1206 2802 flc-

152 2867 225 2920 ridus
240 2869 275 2920 ad
290 2869 486 2939 quiescendum,
504 2871 673 2941 gymnasium
692 2872 727 2924 ad
741 2871 993 2943 Philosophaudum.
1030 2868 1205 2922 Nonestido-

152 2988 217 3046 lum.
222 2989 362 3056 mendacii,
370 3007 425 3044 non
438 2991 550 3044 fallaciae
557 2992 696 3057 lenocinia,
709 3009 765 3045 nou
778 2993 892 3060 denique
904 2991 1062 3042 adulationis
1072 2989 1205 3058 profunda

149 3126 257 3179 vorago.
292 3111 354 3163 Non
366 3111 505 3164 lasciviose
517 3111 677 3164 diffunditur
684 3113 718 3164 ab
730 3111 826 3181 exigua
838 3109 923 3164 cordis
937 3126 1006 3162 vena
1020 3108 1130 3160 verbum
1145 3124 1205 3176 pro·

145 3230 289 3296 missivum,
298 3233 377 3303 juxta
388 3231 464 3297 illud,
484 3231 537 3291 Qui
548 3231 642 3285 dicunt
659 3239 686 3283 et
703 3249 758 3285 non
775 3230 885 3284 faciunt.
923 3229 975 3282 Sed
993 3227 1077 3300 quid?
1114 3227 1205 3279 Latior

152 3351 182 3402 in
196 3351 284 3416 corde,
298 3353 381 3404 rarior
393 3352 421 3404 iu
434 3370 479 3405 ore
491 3370 584 3406 amor:
604 3351 679 3405 ardet
690 3352 747 3405 sine
757 3351 840 3417 fumo,
854 3351 935 3404 esurit
944 3352 1000 3404 siue
1019 3368 1129 3421 spuma:
1148 3367 1203 3402 mo·

152 3481 199 3526 vet
212 3472 278 3538 alas,
292 3473 339 3526 sed
348 3473 471 3540 silenter;
490 3474 556 3544 petit
567 3475 622 3528 ima
630 3474 678 3527 sed
688 3482 743 3526 tam
751 3473 897 3526 sublimiter
905 3491 955 3542 pro
968 3473 1050 3524 animi
1058 3471 1204 3541 generosit-

152 3602 197 3646 ate
210 3611 291 3664 quam
302 3594 403 3648 forfiter
410 3613 459 3666 pro
469 3596 636 3666 integritate:
649 3594 780 3658 accendit,
793 3593 903 3646 sednon
911 3592 1046 3644 incendit:
1059 3607 1123 3642 nam
1133 3590 1203 3640 ealo-

148 3733 206 3768 rem
214 3714 287 3780 facit,
301 3733 355 3769 non
368 3717 492 3782 cinerem,
513 3717 597 3770 tinem
616 3733 667 3786 que
678 3715 753 3768 novit
764 3715 811 3768 sed
823 3732 884 3767 cum
892 3713 1006 3767 termino
1017 3711 1203 3764 consummati-

145 3834 212 3898 onis,
230 3853 286 3886 non
299 3835 514 3906 consumptionis.
551 3835 663 3894 Qualem
673 3835 767 3904 loquor
780 3833 919 3887 scribendo
932 3850 1057 3896 amorem,
1077 3829 1157 3883 talem
1175 3830 1202 3882 in

146 3955 232 4008 amico
246 3956 343 4026 cogito,
356 3956 439 4010 immo
449 3974 617 4028 recognosco.
631 3956 709 4009 Felix
718 3955 807 4009 anima
814 3973 881 4020 mea,
893 3972 960 4026 quae
972 3953 1052 4005 talem
1060 3951 1164 4023 peperit
1177 3958 1202 4002 et

143 4075 240 4128 saltem
252 4076 350 4146 reperit
364 4077 496 4129 amicum!
517 4077 632 4129 Domine
646 4076 719 4128 Deus
737 4075 824 4128 cordis
841 4075 902 4139 mei,
921 4081 982 4125 tuus
1000 4079 1055 4124 erat
1073 4071 1089 4123 J
1093 4087 1200 4130 oannes,

141 4198 245 4252 etmihi
266 4217 327 4252 eum
346 4198 449 4252 dedisti.
485 4197 601 4252 Proinde
612 4206 673 4250 tuus
692 4216 759 4261 sum,
780 4215 830 4268 ego
848 4196 943 4259 dicam,
963 4195 1079 4246 amicus:
1099 4191 1201 4243 utinam

143 4322 189 4374 rel
202 4339 307 4376 sersus:
321 4332 392 4378 certe
401 4340 499 4388 sernas,
513 4321 560 4376 sed
579 4320 726 4392 empticius.
763 4317 899 4388 Siquidem
905 4315 1040 4370 redemisti
1051 4332 1102 4378 me,
1116 4311 1201 4364 lilium
