3100 5192
494 663 642 700 naavnrsrs
662 661 809 698 sersaona.
1162 642 1196 693 ³9

147 790 218 844 Haec
241 787 328 842 aufert
341 785 526 860 auspiclonem,
535 785 638 840 confert
661 783 838 849 affectionem,
865 782 950 838 defert
968 780 1105 846 honorem,
1118 780 1199 834 refert

145 909 285 982 pudorem.
307 909 368 962 Hac
379 907 580 972 interveniente,
593 906 732 961 solvuntur
746 905 950 976 malignantium
962 902 1092 968 susurria3
1112 918 1204 954 conso·

142 1029 245 1084 lidatur
255 1026 544 1093 bonornmconcordia,
555 1034 693 1098 etprorsus
708 1025 863 1080 adimuntur
882 1024 1065 1078 insidiantium
1072 1021 1201 1093 maligna·

141 1159 242 1206 menta.
277 1149 347 1204 Hac
355 1150 496 1222 spirituum
507 1148 649 1219 coagulum
661 1166 693 1202 ac
700 1145 883 1200 indissolubile
896 1146 1016 1200 bitumen
1040 1143 1197 1209 animarum,

142 1271 307 1327 diversitates
318 1289 422 1325 morum
434 1269 562 1324 adunam
579 1268 781 1323 consonantiam
792 1267 903 1336 reducit,
916 1275 942 1321 et
957 1269 1111 1322 maritorum
1122 1267 1151 1320 in
1169 1283 1201 1319 aa

146 1393 288 1465 qualitates
298 1391 332 1445 ad
344 1389 495 1462 equalitatis
508 1389 762 1461 contemperantiam
773 1389 913 1460 recolligit.

199 1511 319 1584 Ogratia
330 1511 454 1583 gratiam,
468 1510 524 1564 sine
537 1517 563 1564 te
576 1509 666 1564 omnia
677 1509 756 1576 mala,
769 1518 859 1563 tecum
869 1510 1047 1563 omniabona.
1083 1508 1146 1589 Sine
1165 1516 1200 1575 te,

147 1634 265 1705 inquam,
278 1631 366 1686 inanis
377 1631 503 1685 universa
516 1638 643 1696 creatura,
655 1638 681 1684 et
693 1647 710 1684 a
721 1637 747 1683 te
756 1630 875 1702 repletur
883 1621 1005 1700 angelica
1014 1646 1075 1683 cum
1083 1628 1202 1682 humana

141 1761 246 1807 natans.
263 1752 307 1806 Tu
317 1752 445 1806 reformas
457 1750 594 1816 deformia,
605 1750 682 1824 lapsa
693 1767 811 1822 reparas,
825 1750 969 1805 confirmas
992 1749 1098 1815 debilia,
1112 1748 1202 1803 clausa

145 1892 256 1940 reseras,
269 1888 415 1944 congregas
428 1871 546 1945 dispersa
557 1880 584 1926 ct
595 1871 707 1928 obscura
718 1871 862 1926 illuminas.
897 1870 986 1924 Tuum
997 1879 1038 1923 est
1050 1868 1122 1941 quod
1134 1888 1200 1935 sum,

146 1995 220 2067 quod
238 1995 308 2059 vivo,
334 1992 407 2064 quod
424 1993 506 2064 sapio,
526 1991 598 2063 quod
615 2001 766 2046 sanctorum
785 1992 903 2063 vestigiis
921 1957 1032 2046 devotus
1050 1992 1204 2062 procumbo.

144 2115 244 2180 lirum,
257 2115 375 2186 inquam,
388 2121 464 2168 tuum
477 2122 517 2168 eat
529 2113 600 2186 quod
612 2123 638 2168 te
649 2113 678 2168 in
690 2113 790 2186 templo
802 2115 888 2168 sancti
899 2113 939 2166 tui
950 2113 1073 2179 nominis,
1087 2113 1158 2184 quod
1175 2113 1204 2166 in

147 2236 299 2291 sanctuario
317 2243 371 2290 tuae
388 2235 589 2307 glorificationis
606 2235 696 2290 videre
714 2243 740 2290 te
758 2236 852 2289 merui.
889 2235 917 2288 si
935 2235 1007 2290 enim
1025 2236 1141 2289 sanctius
1159 2235 1205 2290 ad-

147 2357 231 2414 oraris
257 2357 285 2411 in
303 2357 442 2412 cannabus
460 2357 558 2411 sanctis
577 2374 657 2427 qnam
674 2356 703 2411 in
721 2357 827 2429 templis
843 2357 956 2429 lapideis
975 2364 1000 2411 et
1018 2357 1202 2423 manufactis,

148 2487 249 2551 quanto
263 2479 348 2549 magis
370 2480 399 2531 iu
423 2479 504 2531 sacris
519 2479 662 2531 visceribus
678 2477 821 2550 virgineis!
857 2477 934 2531 Nihil
953 2478 1025 2531 enim
1041 2487 1082 2531 est
1098 2478 1148 2531 tibi
1162 2478 1204 2531 his

146 2601 248 2654 carius!
269 2601 469 2671 acceptabilius
480 2599 564 2653 nihil!
578 2595 669 2659 Quum
681 2598 781 2652 aethere
792 2598 910 2661 nitidius,
919 2598 1091 2652 firmamento
1103 2599 1208 2653 reluce-

148 2731 196 2778 ant
210 2724 363 2796 jucundiua,
383 2723 504 2795 coeloque
522 2723 673 2778 sublimius!
710 2722 827 2776 Ubinam
846 2724 899 2777 tale
918 2724 982 2796 quid
999 2722 1069 2777 inter
1085 2722 1207 2779 homines

149 2845 283 2917 reperiesl
300 2844 386 2898 Credo
394 2843 475 2899 inille
483 2852 529 2898 tua
537 2844 890 2910 fontisebraldiAnbatissa,
903 2863 963 2916 quae
971 2845 1109 2900 nobilitate
1119 2847 1206 2899 carnis

152 2967 254 3020 nemini
266 2966 392 3032 secunda;
414 2966 521 3037 spiritus
537 2965 712 3036 generositate
727 2966 755 3018 in
770 2965 862 3018 multis
883 2967 1063 3030 celeberrima,
1082 2966 1204 3020 castitate

148 3087 294 3160 praecipua,
308 3086 458 3140 humilitate
470 3085 781 3157 conspicuabberalitate
792 3077 1014 3156 profusaferv'ore
1023 3086 1158 3157 religionis
1168 3096 1207 3140 est

154 3210 279 3263 decenter
291 3226 426 3262 succensa.
441 3207 567 3280 Reprimo
581 3206 671 3261 stilum
678 3225 713 3260 ne
721 3206 889 3261 assentatoris
898 3207 1042 3261 sustineam
1049 3208 1207 3281 pericnlum.

152 3329 262 3383 Parcius
274 3330 345 3384 onim
357 3329 466 3382 laudare
475 3327 580 3394 amicos,
591 3327 704 3400 amplius
714 3327 803 3381 a'mare
813 3327 947 3382 debemus.
967 3329 1090 3384 Severius
1102 3348 1208 3402 quoque

155 3450 226 3503 mala
237 3469 328 3502 eorum
338 3450 468 3520 corrigere
478 3468 558 3521 quarn
566 3450 635 3503 male
643 3466 708 3502 sana
716 3447 852 3521 palpando
871 3457 1043 3505 contrectare.
1077 3450 1209 3504 Condem-

153 3578 233 3624 natus
241 3588 304 3623 vero
316 3588 370 3623 non
386 3570 474 3624 minus
495 3570 604 3624 desidiae
625 3569 671 3640 qui
679 3586 749 3622 vano
773 3568 867 3621 timore
888 3569 1000 3638 gloriam
1026 3570 1077 3623 Dei
1105 3571 1207 3638 reticet,

157 3708 238 3761 quarn
258 3689 366 3745 invidiae
379 3710 459 3762 quem
471 3690 578 3746 alterius
590 3689 696 3744 fortuna
704 3697 869 3760 contorquet.
906 3689 993 3743 Solem
1005 3690 1085 3744 etiam
1093 3690 1126 3742 de
1135 3709 1214 3746 mun·

155 3811 190 3864 do
195 3808 293 3865 'tollere
305 3830 359 3866 non
371 3813 533 3866 immanioris
545 3811 639 3866 estimo
652 3811 757 3865 sceleris
769 3828 850 3882 quam
862 3811 951 3865 dotem
963 3820 1066 3866 naturae
1080 3821 1106 3866 et
1117 3814 1210 3885 gratiae

156 3941 296 3988 acreatore
308 3935 336 3988 in
346 3944 466 3989 creatura
477 3934 601 3989 collatam
614 3935 772 3988 obumbrare
785 3934 890 3988 silentio
902 3935 1083 4006 malignitatis.
1120 3937 1211 3992 Virtu-

159 4062 216 4108 tum
228 4073 345 4126 namque
355 4056 512 4128 pradicatio
526 4056 577 4110 Dei
590 4065 630 4109 est
641 4055 810 4126 glorificatio.
827 4056 886 4109 Nec
899 4064 986 4109 tutum
999 4065 1039 4110 est
1050 4039 1175 4127 cuiquam
1183 4075 1211 4111 sc

159 4179 261 4234 nescire
282 4179 380 4233 habere
394 4181 464 4251 quod
476 4180 565 4245 habet,
586 4196 668 4249 quum
689 4179 817 4232 damnum
837 4179 933 4232 exinde
950 4180 1027 4233 citius
1034 4181 1117 4251 possit
1135 4198 1214 4235 even·

162 4301 207 4354 ire.
227 4301 293 4367 Nos,
305 4301 393 4371 inquit
406 4303 496 4374 Apos,
510 4320 564 4356 non
576 4299 698 4372 spiritum
710 4300 895 4371 hujusmundi
907 4302 1065 4374 accepimus;
1079 4301 1125 4356 sed
1138 4303 1215 4374 spiri-
