3100 5192
540 488 695 544 Drnvsnsrs
712 505 859 544 rrrsronn.
1196 488 1246 540 103

186 647 332 712 silentium,
345 645 368 699 si
380 661 434 698 uon
446 644 622 698 decrevissem
634 645 755 716 expirare
766 643 817 708 his,
830 642 957 716 quicquid
970 645 1004 699 de
1013 645 1099 700 emico
1109 644 1242 698 remordet

187 769 315 823 animum.
355 765 455 818 Durius
465 763 596 834 siquidem
605 764 733 834 pungitur
749 781 903 830 cormeum,
922 765 986 819 dum
1001 764 1107 836 uspiam
1125 763 1244 834 pingitur

187 888 271 941 Filius
282 885 387 940 medius
399 885 469 938 inter
480 883 586 937 Patrem
596 883 768 956 ethpiritum.
805 884 917 938 Prorsus
926 884 1026 938 idolum
1035 883 1239 938 abominationis

189 1006 326 1071 conflaret,
345 1004 393 1076 qui
411 1003 535 1076 sculptile
553 1002 690 1073 quodlibet
706 1003 744 1057 sic
761 1003 893 1076 sculperet
909 1004 952 1058 vel
970 1002 1134 1075 depingeret.
1173 1003 1243 1058 Con-

186 1123 367 1178 substantialis
379 1122 451 1176 enim
463 1121 622 1178 coeremitas
638 1128 665 1176 et
679 1121 851 1192 coaequalitas
866 1120 944 1176 unius
959 1120 1097 1176 Trinitatis
1115 1129 1142 1175 et
1158 1123 1237 1176 trinae

190 1242 308 1298 Unitutis
320 1241 406 1296 Petris
418 1249 446 1296 et
456 1240 518 1295 Filii
530 1248 557 1294 et
565 1239 678 1312 Spiritus
685 1241 792 1295 Sancti:
811 1259 865 1296 non
874 1242 970 1314 recipit
980 1241 1054 1313 prius
1062 1259 1093 1296 ec
1103 1241 1243 1314 posterius,

189 1361 277 1434 majus
289 1379 321 1415 ec
331 1361 430 1426 minus,
443 1359 554 1414 inferius
564 1367 592 1412 et
602 1358 737 1431 superins:
756 1358 805 1414 sed
816 1367 886 1416 totins
897 1361 1012 1434 poterin
1020 1360 1164 1426 munitio,
1172 1367 1246 1416 totue

190 1481 275 1536 tilios
288 1480 319 1534 in
329 1486 386 1534 toto
397 1479 483 1544 Patre,
491 1485 563 1532 totus
575 1477 688 1549 Spiritus
703 1477 819 1532 Sanctus
834 1478 990 1549 singillatim
1006 1487 1033 1533 et
1049 1479 1240 1534 communiter:

189 1598 220 1652 in
230 1615 287 1651 uno
299 1612 405 1668 quoqne
416 1595 484 1649 etin
496 1603 609 1666 utroque
620 1595 699 1649 simul
710 1596 770 1650 haec
782 1603 876 1650 sancte
886 1603 914 1650 et
930 1614 1036 1668 semper
1052 1614 1114 1650 cunr
1130 1605 1244 1650 nemore

190 1715 357 1772 nominande
369 1715 494 1782 Trinitas,
505 1715 605 1786 ubique
616 1723 673 1770 tota
683 1733 732 1787 per
744 1717 889 1771 essentiam
907 1724 934 1771 et
948 1717 1105 1789 potentiam,
1123 1735 1178 1771 uon
1195 1735 1246 1790 per
1274 1761 1280 1766 .

192 1835 307 1907 gretiam
319 1833 428 1899 diffusa,
440 1851 496 1888 nen
507 1832 624 1905 metisse
633 1834 828 1904 magnitudine,
838 1836 1065 1907 quemadmodum
1076 1837 1125 1890 lux
1137 1836 1247 1892 viuirilis

192 1954 238 2009 vel
249 1953 322 2008 alind
333 1953 445 2019 visibile,
460 1951 507 2006 sed
519 1952 587 2007 sieut
597 1953 727 2025 sepientis
739 1955 767 2008 in
779 1956 898 2010 homine.
936 1956 1018 2010 Vides
1030 1957 1101 2010 enim
1119 1956 1186 2010 duos
1201 1956 1249 2010 ho·

193 2073 280 2130 mines
291 2090 376 2130 rmum
386 2089 500 2144 pcrvrun
511 2079 539 2126 et
549 2073 632 2128 elium
643 2090 772 2144 magnum
784 2091 894 2145 corpere
904 2075 932 2130 in
942 2074 1080 2146 sapientire
1090 2081 1180 2129 tamen
1188 2092 1249 2146 par-

193 2192 349 2264 ticipetinne
359 2207 437 2265 peres
447 2208 513 2245 esse.
550 2192 594 2244 Sic
605 2191 699 2245 divina
708 2192 823 2246 essentie
833 2193 974 2248 uniformis
987 2193 1104 2248 etunius
1121 2193 1195 2247 modi
1210 2201 1250 2248 est

196 2312 262 2367 etin
273 2311 398 2366 maximis
410 2311 475 2366 etin
487 2311 613 2370 minimis.
649 2311 724 2366 Sicut
736 2312 852 2384 denique
864 2313 1139 2386 incomprehensibilis
1152 2322 1192 2370 est
1200 2333 1250 2386 pro

197 2432 239 2486 sui
249 2430 445 2485 immensitate:
464 2428 502 2484 sic
513 2429 593 2484 etiem
605 2429 773 2484 indivisibilis
785 2440 825 2486 est
836 2450 886 2504 pro
899 2433 940 2488 sni
951 2435 1130 2506 simplicitste.
1166 2434 1251 2492 intel.-

196 2552 320 2623 ligemus,
332 2550 421 2621 inquit
431 2549 606 2621 Augustinus,
620 2549 716 2616 Deum,
730 2557 861 2621 quantum
877 2569 1025 2622 possumus,
1044 2552 1101 2606 sine
1122 2551 1251 2624 qualitate

197 2671 308 2736 bonum,
320 2669 377 2724 sine
388 2669 537 2744 quantitate
553 2686 691 2740 magnum,
704 2669 762 2722 sine
779 2668 928 2740 indigentie
947 2679 1103 2735 creatorem,
1124 2670 1181 2725 sine
1200 2670 1252 2730 situ

198 2795 367 2861 presentem,
381 2786 438 2841 sine
448 2786 508 2840 loco
518 2786 618 2859 ubique
627 2795 721 2854 totmn,
732 2788 789 2842 sine
801 2796 920 2860 tempore
933 2790 1133 2863 sempiternum.
1171 2790 1188 2842 J
1191 2807 1252 2844 uras

199 2907 280 2961 credo
292 2905 330 2960 sic
341 2912 368 2958 te
379 2923 430 2959 nec
442 2905 519 2958 aliter
530 2905 638 2959 credere
651 2906 693 2960 rel
706 2907 858 2960 credidisse.
896 2907 1030 2963 protestor
1042 2909 1137 2980 etipse
1155 2910 1183 2962 in
1201 2910 1254 2968 fide

199 3043 268 3089 mea,
288 3025 311 3077 si
327 3025 420 3094 lingue
438 3024 501 3095 quin
517 3023 545 3075 in
563 3024 618 3077 udo
635 3031 677 3078 est
694 3024 801 3087 errarit,
821 3024 899 3077 corde
918 3026 956 3076 sic
974 3025 1097 3079 tenuisse.
1135 3026 1254 3097 Simplex

200 3146 273 3199 enim
288 3162 332 3197 res
348 3143 447 3214 refugit
464 3151 491 3196 et
508 3143 609 3214 respuit
624 3160 731 3196 omnem
749 3159 860 3214 prorsus
878 3142 1079 3208 admixtionem,
1092 3161 1171 3196 omne
1190 3161 1254 3201 con:

199 3265 321 3320 sortium.

235 3385 278 3440 Ne
290 3384 337 3439 diu
348 3392 438 3438 tamen
450 3402 467 3438 e
481 3383 685 3455 cogitationibus
697 3386 809 3441 turberis
820 3385 960 3442 revolvens
976 3386 1022 3441 ubi
1042 3387 1094 3442 hoc
1106 3385 1214 3453 dixeris,
1227 3385 1256 3442 in

201 3521 309 3559 ermeno
329 3503 363 3558 de
379 3504 406 3557 S.
419 3503 518 3557 victore
535 3504 645 3560 scribis:
676 3491 791 3578 Ubique
801 3513 891 3560 eutem
909 3507 990 3560 estin
1006 3507 1110 3560 medio:
1149 3525 1213 3560 nem
1228 3505 1257 3562 in

201 3622 250 3677 iile
261 3622 374 3677 Deitatis
386 3621 503 3676 essentia
513 3629 553 3676 est
559 3622 663 3676 medius
671 3622 755 3676 Filius
766 3623 836 3677 inter
846 3623 953 3676 Patrem
965 3632 992 3677 et
1003 3624 1128 3696 Spiritum
1140 3643 1146 3675 :
1166 3623 1258 3680 memi-

202 3742 273 3797 nisse
284 3741 365 3796 debes
377 3758 449 3796 nunc
462 3741 526 3813 quia
536 3742 666 3796 mediator
675 3742 755 3795 unius
766 3760 821 3797 nou
834 3751 874 3797 est
887 3743 961 3797 Deus
973 3751 1020 3797 aut
1029 3743 1110 3796 unius
1121 3751 1162 3797 est
1172 3742 1258 3797 Patris

201 3869 229 3916 et
240 3863 270 3916 F.
284 3871 311 3916 et
321 3863 347 3916 S.
360 3863 387 3915 S.
423 3861 502 3922 Quod
514 3862 664 3915 sicrestum
676 3879 730 3916 non
743 3862 892 3917 increatum
901 3863 1028 3934 Spiritum
1038 3862 1100 3919 ideo
1108 3864 1172 3936 quie
1184 3880 1261 3919 ssnc-

201 3990 259 4037 tnm
271 3999 325 4036 nou
338 3981 501 4054 mbjunxisti
512 3980 716 4052 intelligendum
729 3981 825 4052 aliquis
837 3981 952 4054 estimet,
965 3983 1087 4054 regulsm
1099 3981 1260 4053 Hieronymi

205 4102 239 4160 de
252 4102 446 4176 significatione
466 4101 546 4175 hujus
567 4101 683 4156 nominis
700 4102 807 4174 penitus
828 4103 942 4172 ignorat;
962 4102 1009 4156 ubi
1029 4104 1123 4174 inquit,
1148 4101 1260 4175 Spiritus
