3100 5192
358 673 394 722 52
830 688 855 722 o.
876 687 988 724 sssnrrs

359 818 451 874 tuum;
471 807 590 878 profecto
604 815 630 861 et
642 807 727 860 emisti
736 808 825 862 dando
836 810 903 864 mihi
919 809 1050 864 famulum
1068 816 1152 860 tuum.
1190 805 1338 876 Praecipua
1354 805 1415 859 haec

359 931 429 982 inter
441 936 538 981 caetera
549 927 689 994 beneficio,
700 945 761 999 quae
775 929 826 982 etsi
832 929 912 984 modo
921 930 1026 994 reticeo,
1039 935 1199 981 nontamen
1211 933 1351 997 praetereo,
1360 945 1413 980 non

357 1055 469 1123 denego,
480 1069 535 1104 non
552 1049 700 1103 obliviscor.
737 1051 808 1104 Nam
822 1059 849 1105 et
860 1052 919 1123 ipsa
930 1051 1086 1121 consignata
1096 1048 1125 1101 in
1137 1047 1268 1101 thesauris
1277 1047 1415 1100 memoriae

360 1171 510 1243 consepelio
521 1170 556 1224 ed
564 1171 758 1224 convivendum
770 1180 797 1224 et
809 1172 1044 1226 commoriendum.
1063 1171 1126 1224 Sine
1141 1171 1183 1223 bis
1193 1169 1264 1222 enim
1276 1187 1327 1222 nec
1339 1168 1411 1221 vive·

362 1313 391 1346 re
404 1294 489 1358 volco,
503 1309 553 1344 nec
567 1292 635 1344 mori
653 1291 722 1345 volo.
759 1293 806 1346 Ad
824 1293 957 1347 loannem
974 1311 1064 1347 meum
1082 1291 1189 1357 accedo,
1208 1308 1317 1361 quema
1335 1309 1416 1343 manu

359 1413 452 1483 gratise
465 1412 557 1482 accepi
576 1419 704 1482 tanquam
716 1412 830 1482 gretiam
853 1430 870 1464 a
881 1411 975 1482 gratia,
989 1412 1037 1465 sed
1059 1420 1149 1464 tamen
1168 1427 1222 1462 non
1246 1426 1295 1479 pro
1319 1409 1412 1479 gratia.

360 1531 484 1586 Vacuum
495 1547 613 1600 namque
625 1529 711 1601 gretia
722 1529 826 1584 invenit
833 1548 877 1583 me
885 1531 971 1600 gratia
978 1530 1092 1600 denique
1105 1536 1131 1582 et
1145 1528 1256 1599 plenum
1273 1528 1321 1580 sed
1339 1527 1416 1598 culpa

360 1661 387 1705 et
402 1670 491 1723 poena.
528 1652 591 1706 Jem
609 1669 690 1722 poena
705 1660 857 1717 extenuare,
872 1652 979 1723 culpam
998 1669 1061 1704 vero
1074 1668 1201 1704 evacuare
1223 1650 1313 1721 coepit,
1334 1668 1415 1720 quum

359 1775 375 1826 J
379 1791 493 1826 oannem
505 1774 533 1826 in
543 1773 659 1826 amicum
671 1774 831 1844 subrogavit,
846 1774 892 1844 qui
903 1773 1065 1826 nescientem
1084 1773 1232 1837 instrueret,
1251 1771 1415 1825 laborantem

354 1897 468 1964 juvaret,
482 1901 613 1948 errantem
626 1895 774 1964 corrigeret,
794 1895 899 1966 pigrum
918 1895 1052 1960 excitaret,
1072 1895 1225 1949 exulantem
1243 1895 1351 1959 foveret,
1372 1894 1417 1947 do-

366 2015 468 2070 lentem
482 2015 620 2069 relevsret.
657 2017 744 2076 Quem
754 2017 901 2088 respiciunt
916 2016 1128 2070 haecuniversa?
1144 2015 1191 2080 Te,
1212 2015 1285 2068 Deus
1303 2015 1418 2069 Domine

368 2144 395 2188 et
407 2154 517 2202 summe,
526 2137 725 2208 principaliter3
745 2144 780 2202 te,
794 2137 927 2191 carissim
939 2137 1023 2190 amice
1039 2137 1171 2202 secularis,
1185 2145 1212 2190 et
1229 2136 1416 2207 multipliciter.

368 2257 422 2308 Sub
435 2257 526 2310 modio
538 2256 694 2311 humilitatis
703 2267 801 2312 nostrae
809 2259 953 2329 aliquando
959 2258 1067 2333 latuisti,
1073 2262 1131 2332 jam
1136 2259 1245 2312 lucerna
1253 2259 1348 2313 ardens
1358 2277 1418 2313 con·

362 2378 473 2432 scientia
489 2379 536 2432 sed
548 2397 602 2432 non
610 2379 677 2433 adeo
688 2379 781 2434 lucens
789 2381 869 2434 fama.
907 2381 997 2434 Posuit
1009 2389 1098 2434 autem
1109 2389 1136 2433 te
1148 2381 1279 2434 Dominus
1291 2382 1320 2435 in
1330 2381 1418 2434 lucem

363 2497 493 2568 gentium,
506 2506 536 2551 ut
548 2499 582 2552 sis
595 2501 686 2553 oculus
700 2519 780 2566 caeco,
793 2518 842 2572 pes
854 2500 958 2564 claudo,
970 2500 1063 2572 lingua
1073 2500 1162 2564 stulto,
1174 2500 1244 2553 auris
1256 2500 1345 2565 surdo,
1365 2518 1419 2552 ma-

362 2642 413 2676 nus
426 2643 530 2690 manco,
543 2633 573 2678 ut
585 2626 704 2680 seculum
715 2644 814 2679 nomen
827 2634 903 2679 tuum
911 2627 997 2696 gratie
1007 2626 1035 2679 in
1052 2626 1190 2696 praedictis
1209 2626 1332 2697 suppleat
1350 2626 1420 2695 quod

367 2751 464 2796 natura
478 2745 566 2797 minus
580 2753 696 2814 praestat.
734 2746 856 2799 Profecto
865 2746 929 2798 licet
941 2745 1029 2799 doleat
1040 2747 1188 2799 absentiam
1199 2754 1281 2810 tuam,
1295 2754 1385 2798 tamen
1394 2747 1421 2798 in

363 2861 404 2914 his
418 2863 596 2916 consolabitur
610 2863 699 2917 anima
710 2883 779 2930 mea,
789 2867 851 2937 jura
862 2865 970 2936 publica
981 2884 1036 2919 non
1048 2866 1173 2937 ignorans
1184 2866 1353 2938 praeferenda
1370 2867 1424 2937 pri-

365 2991 489 3036 vatorum
501 2984 665 3038 utilitatibus.
688 2985 730 3039 Sic
744 2985 855 3056 coepisti.
877 2985 986 3038 Cariam
996 3004 1100 3056 appone
1113 2987 1140 3039 in
1159 2986 1292 3040 sacrificiis
1304 2985 1358 3039 Dei
1375 2987 1423 3038 tui.

367 3104 437 3158 Haee
446 3107 525 3177 juxta
538 3108 668 3178 capellam
681 3107 770 3160 Sancti
783 3107 885 3178 Aigulfi
893 3107 988 3178 scripsi
999 3107 1245 3179 tibiopportrmitate
1254 3108 1346 3162 nuncii
1357 3126 1418 3160 nun·

368 3244 449 3293 quam
461 3227 579 3280 fraudari
594 3227 703 3280 volens:
723 3227 788 3297 quin
800 3227 899 3298 aliquid
911 3229 1064 3282 nuticitatis
1076 3237 1174 3283 nostrae
1193 3229 1227 3282 ad
1244 3230 1426 3285 rusticandum

372 3345 484 3398 mittam.

439 3465 503 3520 Cras
515 3467 544 3520 in
557 3465 743 3524 decentissimo
754 3470 864 3535 tumulo,
878 3469 1002 3526 videlicet
1015 3491 1095 3544 capsa
1102 3492 1180 3539 nova,
1190 3473 1330 3545 reposituri
1338 3492 1430 3526 sumus

368 3588 574 3643 sacratissimum
592 3609 687 3662 corpus
700 3591 928 3647 dominituibeati
949 3593 1059 3664 Aigulli,
1086 3596 1161 3666 cujus
1179 3603 1259 3666 caput
1283 3603 1309 3648 et
1334 3613 1431 3666 corpus

373 3707 510 3769 hebemus.
530 3711 613 3764 Vale!

642 4097 676 4145 22
695 4092 745 4145 DE
769 4092 1034 4148 COMBUSTIONE
1053 4096 1184 4151 SANCTI

821 4215 990 4270 AIGULFI.

732 4345 818 4380 EIDEM
838 4345 916 4381 IDEM·

372 4419 493 4516 Eccein
507 4446 638 4500 cineribus
651 4447 722 4500 beati
741 4446 845 4532 Aigulti
857 4464 919 4499 cum
930 4448 1009 4502 beato
1020 4449 1038 4502 J
1040 4450 1073 4510 ob
1088 4449 1182 4520 lugens
1196 4459 1222 4504 et
1236 4451 1336 4518 dolens,
1351 4453 1434 4507 debe·
1533 4492 1534 4511 2
