<?xml version="1.0" encoding="UTF-8"?>
<!DOCTYPE html PUBLIC "-//W3C//DTD XHTML 1.0 Transitional//EN"
    "http://www.w3.org/TR/xhtml1/DTD/xhtml1-transitional.dtd">
<html xmlns="http://www.w3.org/1999/xhtml" xml:lang="en" lang="en">
 <head>
  <title>
</title>
<meta http-equiv="Content-Type" content="text/html;charset=utf-8" />
  <meta name='ocr-system' content='tesseract 3.04.00' />
  <meta name='ocr-capabilities' content='ocr_page ocr_carea ocr_par ocr_line ocrx_word'/>
</head>
<body>
  <div class='ocr_page' id='page_1' title='image "./walteriabbatisd00messgoog_0055.png"; bbox 0 0 3100 5192; ppageno 0'>
   <div class='ocr_carea' id='block_1_1' title="bbox 344 577 906 640">
    <p class='ocr_par' dir='ltr' id='par_1_1' title="bbox 344 577 906 640">
     <span class='ocr_line' id='line_1_1' title="bbox 344 577 906 640; baseline -0.009 0"><span class='ocrx_word' id='word_1_1' title='bbox 344 591 379 640; x_wconf 88' lang='lat'><strong>56</strong></span> <span class='ocrx_word' id='word_1_2' title='bbox 765 577 906 636; x_wconf 78' lang='lat' dir='ltr'><strong>crrsroaic</strong></span> 
     </span>
    </p>
   </div>
   <div class='ocr_carea' id='block_1_2' title="bbox 338 717 1403 2111">
    <p class='ocr_par' dir='ltr' id='par_1_2' title="bbox 338 717 1403 2111">
     <span class='ocr_line' id='line_1_2' title="bbox 340 717 1403 796; baseline -0.004 -18"><span class='ocrx_word' id='word_1_3' title='bbox 340 724 427 796; x_wconf 89' lang='lat' dir='ltr'><strong>pueris</strong></span> <span class='ocrx_word' id='word_1_4' title='bbox 439 720 585 777; x_wconf 83' lang='lat' dir='ltr'><strong>camaliam</strong></span> <span class='ocrx_word' id='word_1_5' title='bbox 597 737 723 776; x_wconf 84' lang='lat' dir='ltr'><strong>sensuum</strong></span> <span class='ocrx_word' id='word_1_6' title='bbox 734 721 762 776; x_wconf 89' lang='lat' dir='ltr'><strong>iu</strong></span> <span class='ocrx_word' id='word_1_7' title='bbox 774 720 938 776; x_wconf 87' lang='lat' dir='ltr'><strong>convallibus</strong></span> <span class='ocrx_word' id='word_1_8' title='bbox 955 737 997 774; x_wconf 90' lang='lat' dir='ltr'><strong>me</strong></span> <span class='ocrx_word' id='word_1_9' title='bbox 1007 726 1136 791; x_wconf 83' lang='lat' dir='ltr'><strong>expectat.</strong></span> <span class='ocrx_word' id='word_1_10' title='bbox 1174 717 1262 786; x_wconf 82' lang='lat' dir='ltr'><strong>Quum</strong></span> <span class='ocrx_word' id='word_1_11' title='bbox 1281 717 1403 775; x_wconf 86' lang='lat' dir='ltr'><strong>hostiam</strong></span> 
     </span>
     <span class='ocr_line' id='line_1_3' title="bbox 338 840 1394 917; baseline -0.003 -19"><span class='ocrx_word' id='word_1_12' title='bbox 338 844 503 917; x_wconf 87' lang='lat' dir='ltr'><strong>jubilationis</strong></span> <span class='ocrx_word' id='word_1_13' title='bbox 514 843 693 907; x_wconf 89' lang='lat' dir='ltr'><strong>immolavero,</strong></span> <span class='ocrx_word' id='word_1_14' title='bbox 711 841 807 896; x_wconf 88' lang='lat' dir='ltr'><strong>iterum</strong></span> <span class='ocrx_word' id='word_1_15' title='bbox 824 841 956 896; x_wconf 91' lang='lat' dir='ltr'><strong>rediturus</strong></span> <span class='ocrx_word' id='word_1_16' title='bbox 974 857 1040 894; x_wconf 85' lang='lat' dir='ltr'><strong>sum</strong></span> <span class='ocrx_word' id='word_1_17' title='bbox 1077 840 1130 893; x_wconf 89' lang='lat' dir='ltr'><strong>Sed</strong></span> <span class='ocrx_word' id='word_1_18' title='bbox 1159 841 1206 894; x_wconf 89' lang='lat' dir='ltr'><strong>ubi</strong></span> <span class='ocrx_word' id='word_1_19' title='bbox 1226 850 1267 894; x_wconf 90' lang='lat' dir='ltr'><strong>est</strong></span> <span class='ocrx_word' id='word_1_20' title='bbox 1284 842 1394 896; x_wconf 88' lang='lat' dir='ltr'><strong>victima</strong></span> 
     </span>
     <span class='ocr_line' id='line_1_4' title="bbox 342 958 1399 1034; baseline -0.012 -14"><span class='ocrx_word' id='word_1_21' title='bbox 342 965 504 1020; x_wconf 71' lang='lat' dir='ltr'><strong>holocausti?</strong></span> <span class='ocrx_word' id='word_1_22' title='bbox 521 966 566 1017; x_wconf 86' lang='lat' dir='ltr'><strong>An</strong></span> <span class='ocrx_word' id='word_1_23' title='bbox 580 963 612 1017; x_wconf 92' lang='lat' dir='ltr'><strong>de</strong></span> <span class='ocrx_word' id='word_1_24' title='bbox 621 978 702 1034; x_wconf 76' lang='lat' dir='ltr'><strong>grege</strong></span> <span class='ocrx_word' id='word_1_25' title='bbox 715 961 834 1018; x_wconf 89' lang='lat' dir='ltr'><strong>omnium</strong></span> <span class='ocrx_word' id='word_1_26' title='bbox 853 961 984 1014; x_wconf 87' lang='lat' dir='ltr'><strong>bonorum</strong></span> <span class='ocrx_word' id='word_1_27' title='bbox 992 975 1109 1013; x_wconf 85' lang='lat' dir='ltr'><strong>meorum</strong></span> <span class='ocrx_word' id='word_1_28' title='bbox 1127 958 1238 1030; x_wconf 82' lang='lat' dir='ltr'><strong>dignum</strong></span> <span class='ocrx_word' id='word_1_29' title='bbox 1245 959 1349 1030; x_wconf 90' lang='lat' dir='ltr'><strong>aliquid</strong></span> <span class='ocrx_word' id='word_1_30' title='bbox 1360 962 1399 1014; x_wconf 85' lang='lat' dir='ltr'><strong>in·</strong></span> 
     </span>
     <span class='ocr_line' id='line_1_5' title="bbox 341 1078 1398 1148; baseline -0.006 -10"><span class='ocrx_word' id='word_1_31' title='bbox 341 1085 447 1140; x_wconf 89' lang='lat' dir='ltr'><strong>veniam</strong></span> <span class='ocrx_word' id='word_1_32' title='bbox 459 1082 593 1138; x_wconf 84' lang='lat' dir='ltr'><strong>sacrificiis</strong></span> <span class='ocrx_word' id='word_1_33' title='bbox 599 1098 660 1148; x_wconf 85' lang='lat' dir='ltr'><strong>curs,</strong></span> <span class='ocrx_word' id='word_1_34' title='bbox 675 1082 749 1136; x_wconf 87' lang='lat' dir='ltr'><strong>Deus</strong></span> <span class='ocrx_word' id='word_1_35' title='bbox 759 1081 846 1136; x_wconf 82' lang='lat' dir='ltr'><strong>cordis</strong></span> <span class='ocrx_word' id='word_1_36' title='bbox 857 1080 926 1135; x_wconf 78' lang='lat' dir='ltr'><strong>mail</strong></span> <span class='ocrx_word' id='word_1_37' title='bbox 942 1078 1040 1133; x_wconf 91' lang='lat' dir='ltr'><strong>Totum</strong></span> <span class='ocrx_word' id='word_1_38' title='bbox 1047 1078 1221 1144; x_wconf 85' lang='lat' dir='ltr'><strong>maculosum,</strong></span> <span class='ocrx_word' id='word_1_39' title='bbox 1229 1086 1318 1134; x_wconf 86' lang='lat' dir='ltr'><strong>totum</strong></span> <span class='ocrx_word' id='word_1_40' title='bbox 1326 1081 1398 1133; x_wconf 85' lang='lat' dir='ltr'><strong>vario</strong></span> 
     </span>
     <span class='ocr_line' id='line_1_6' title="bbox 343 1198 1396 1274; baseline -0.007 -16"><span class='ocrx_word' id='word_1_41' title='bbox 343 1204 429 1258; x_wconf 88' lang='lat' dir='ltr'><strong>colore</strong></span> <span class='ocrx_word' id='word_1_42' title='bbox 449 1219 597 1274; x_wconf 86' lang='lat' dir='ltr'><strong>respersum</strong></span> <span class='ocrx_word' id='word_1_43' title='bbox 618 1200 690 1271; x_wconf 90' lang='lat' dir='ltr'><strong>quod</strong></span> <span class='ocrx_word' id='word_1_44' title='bbox 704 1200 776 1271; x_wconf 90' lang='lat' dir='ltr'><strong>apud</strong></span> <span class='ocrx_word' id='word_1_45' title='bbox 794 1199 887 1254; x_wconf 75' lang='lat' dir='ltr'><strong>haban</strong></span> <span class='ocrx_word' id='word_1_46' title='bbox 903 1199 1028 1254; x_wconf 84' lang='lat' dir='ltr'><strong>servitute</strong></span> <span class='ocrx_word' id='word_1_47' title='bbox 1044 1198 1111 1251; x_wconf 90' lang='lat' dir='ltr'><strong>dura</strong></span> <span class='ocrx_word' id='word_1_48' title='bbox 1128 1206 1155 1254; x_wconf 86' lang='lat' dir='ltr'><strong>et</strong></span> <span class='ocrx_word' id='word_1_49' title='bbox 1170 1199 1248 1268; x_wconf 81' lang='lat' dir='ltr'><strong>gravi</strong></span> <span class='ocrx_word' id='word_1_50' title='bbox 1265 1199 1396 1252; x_wconf 80' lang='lat' dir='ltr'><strong>hactenus</strong></span> 
     </span>
     <span class='ocr_line' id='line_1_7' title="bbox 343 1318 1396 1391; baseline -0.006 -13"><span class='ocrx_word' id='word_1_51' title='bbox 343 1324 433 1378; x_wconf 88' lang='lat' dir='ltr'><strong>merui.</strong></span> <span class='ocrx_word' id='word_1_52' title='bbox 459 1321 515 1376; x_wconf 90' lang='lat' dir='ltr'><strong>Ubi</strong></span> <span class='ocrx_word' id='word_1_53' title='bbox 527 1322 598 1375; x_wconf 88' lang='lat' dir='ltr'><strong>anim</strong></span> <span class='ocrx_word' id='word_1_54' title='bbox 613 1319 699 1374; x_wconf 88' lang='lat' dir='ltr'><strong>cordis</strong></span> <span class='ocrx_word' id='word_1_55' title='bbox 715 1320 827 1391; x_wconf 90' lang='lat' dir='ltr'><strong>puritas,</strong></span> <span class='ocrx_word' id='word_1_56' title='bbox 839 1319 886 1372; x_wconf 86' lang='lat' dir='ltr'><strong>ubi</strong></span> <span class='ocrx_word' id='word_1_57' title='bbox 898 1319 951 1372; x_wconf 89' lang='lat' dir='ltr'><strong>oris</strong></span> <span class='ocrx_word' id='word_1_58' title='bbox 963 1318 1068 1383; x_wconf 85' lang='lat' dir='ltr'><strong>veritas,</strong></span> <span class='ocrx_word' id='word_1_59' title='bbox 1082 1318 1129 1371; x_wconf 92' lang='lat' dir='ltr'><strong>ubi</strong></span> <span class='ocrx_word' id='word_1_60' title='bbox 1139 1318 1226 1389; x_wconf 87' lang='lat' dir='ltr'><strong>operis</strong></span> <span class='ocrx_word' id='word_1_61' title='bbox 1238 1319 1396 1389; x_wconf 76' lang='lat' dir='ltr'><strong>simplicitas</strong></span> 
     </span>
     <span class='ocr_line' id='line_1_8' title="bbox 343 1438 1396 1512; baseline -0.006 -15"><span class='ocrx_word' id='word_1_62' title='bbox 343 1445 375 1497; x_wconf 89' lang='lat' dir='ltr'><strong>de</strong></span> <span class='ocrx_word' id='word_1_63' title='bbox 384 1450 440 1497; x_wconf 90' lang='lat' dir='ltr'><strong>toto</strong></span> <span class='ocrx_word' id='word_1_64' title='bbox 448 1449 566 1512; x_wconf 88' lang='lat' dir='ltr'><strong>tempore</strong></span> <span class='ocrx_word' id='word_1_65' title='bbox 573 1440 779 1496; x_wconf 82' lang='lat' dir='ltr'><strong>conversationis</strong></span> <span class='ocrx_word' id='word_1_66' title='bbox 787 1440 875 1493; x_wconf 78' lang='lat' dir='ltr'><strong>merel</strong></span> <span class='ocrx_word' id='word_1_67' title='bbox 886 1438 1025 1494; x_wconf 79' lang='lat' dir='ltr'><strong>simulatio</strong></span> <span class='ocrx_word' id='word_1_68' title='bbox 1032 1438 1201 1510; x_wconf 75' lang='lat' dir='ltr'><strong>inreligiosis</strong></span> <span class='ocrx_word' id='word_1_69' title='bbox 1209 1440 1396 1503; x_wconf 70' lang='lat' dir='ltr'><strong>ostentatione,</strong></span> 
     </span>
     <span class='ocr_line' id='line_1_9' title="bbox 342 1557 1398 1632; baseline -0.005 -16"><span class='ocrx_word' id='word_1_70' title='bbox 342 1563 371 1617; x_wconf 89' lang='lat' dir='ltr'><strong>in</strong></span> <span class='ocrx_word' id='word_1_71' title='bbox 383 1561 521 1626; x_wconf 87' lang='lat' dir='ltr'><strong>credulus,</strong></span> <span class='ocrx_word' id='word_1_72' title='bbox 535 1559 737 1632; x_wconf 77' lang='lat' dir='ltr'><strong>negligentiam</strong></span> <span class='ocrx_word' id='word_1_73' title='bbox 750 1557 933 1614; x_wconf 84' lang='lat' dir='ltr'><strong>observatione</strong></span> <span class='ocrx_word' id='word_1_74' title='bbox 941 1557 1050 1629; x_wconf 76' lang='lat' dir='ltr'><strong>regulae,</strong></span> <span class='ocrx_word' id='word_1_75' title='bbox 1059 1559 1131 1611; x_wconf 86' lang='lat' dir='ltr'><strong>circa</strong></span> <span class='ocrx_word' id='word_1_76' title='bbox 1142 1558 1285 1612; x_wconf 89' lang='lat' dir='ltr'><strong>commissa</strong></span> <span class='ocrx_word' id='word_1_77' title='bbox 1291 1566 1398 1629; x_wconf 86' lang='lat' dir='ltr'><strong>torpens</strong></span> 
     </span>
     <span class='ocr_line' id='line_1_10' title="bbox 344 1677 1396 1751; baseline -0.002 -17"><span class='ocrx_word' id='word_1_78' title='bbox 344 1679 500 1744; x_wconf 88' lang='lat' dir='ltr'><strong>sollicitudo,</strong></span> <span class='ocrx_word' id='word_1_79' title='bbox 510 1680 544 1733; x_wconf 92' lang='lat' dir='ltr'><strong>ad</strong></span> <span class='ocrx_word' id='word_1_80' title='bbox 557 1687 683 1735; x_wconf 84' lang='lat' dir='ltr'><strong>extranea</strong></span> <span class='ocrx_word' id='word_1_81' title='bbox 694 1678 803 1751; x_wconf 81' lang='lat' dir='ltr'><strong>negotia</strong></span> <span class='ocrx_word' id='word_1_82' title='bbox 811 1677 948 1750; x_wconf 77' lang='lat' dir='ltr'><strong>vigilantia</strong></span> <span class='ocrx_word' id='word_1_83' title='bbox 960 1677 1094 1744; x_wconf 80' lang='lat' dir='ltr'><strong>indecens,</strong></span> <span class='ocrx_word' id='word_1_84' title='bbox 1104 1677 1217 1732; x_wconf 85' lang='lat' dir='ltr'><strong>mordax</strong></span> <span class='ocrx_word' id='word_1_85' title='bbox 1233 1679 1346 1733; x_wconf 87' lang='lat' dir='ltr'><strong>aliorum</strong></span> <span class='ocrx_word' id='word_1_86' title='bbox 1357 1697 1396 1732; x_wconf 75' lang='lat' dir='ltr'><strong>re</strong></span> 
     </span>
     <span class='ocr_line' id='line_1_11' title="bbox 341 1798 1392 1870; baseline -0.001 -17"><span class='ocrx_word' id='word_1_87' title='bbox 341 1799 493 1870; x_wconf 91' lang='lat' dir='ltr'><strong>prehensor,</strong></span> <span class='ocrx_word' id='word_1_88' title='bbox 518 1799 635 1869; x_wconf 88' lang='lat' dir='ltr'><strong>priorum</strong></span> <span class='ocrx_word' id='word_1_89' title='bbox 653 1799 742 1869; x_wconf 81' lang='lat' dir='ltr'><strong>largus</strong></span> <span class='ocrx_word' id='word_1_90' title='bbox 761 1798 948 1852; x_wconf 80' lang='lat' dir='ltr'><strong>dissimulator.</strong></span> <span class='ocrx_word' id='word_1_91' title='bbox 994 1799 1064 1852; x_wconf 83' lang='lat' dir='ltr'><strong>Ecce</strong></span> <span class='ocrx_word' id='word_1_92' title='bbox 1082 1798 1171 1870; x_wconf 82' lang='lat' dir='ltr'><strong>gregis</strong></span> <span class='ocrx_word' id='word_1_93' title='bbox 1191 1799 1245 1852; x_wconf 91' lang='lat' dir='ltr'><strong>mei</strong></span> <span class='ocrx_word' id='word_1_94' title='bbox 1265 1799 1392 1852; x_wconf 86' lang='lat' dir='ltr'><strong>animalia</strong></span> 
     </span>
     <span class='ocr_line' id='line_1_12' title="bbox 343 1917 1390 1991; baseline -0.001 -18"><span class='ocrx_word' id='word_1_95' title='bbox 343 1938 404 1991; x_wconf 82' lang='lat' dir='ltr'><strong>quae</strong></span> <span class='ocrx_word' id='word_1_96' title='bbox 417 1937 470 1973; x_wconf 89' lang='lat' dir='ltr'><strong>non</strong></span> <span class='ocrx_word' id='word_1_97' title='bbox 483 1918 619 1974; x_wconf 85' lang='lat' dir='ltr'><strong>sufficiunt</strong></span> <span class='ocrx_word' id='word_1_98' title='bbox 630 1917 772 1972; x_wconf 90' lang='lat' dir='ltr'><strong>immo&#39;neo</strong></span> <span class='ocrx_word' id='word_1_99' title='bbox 785 1918 932 1972; x_wconf 84' lang='lat' dir='ltr'><strong>offeruntur</strong></span> <span class='ocrx_word' id='word_1_100' title='bbox 944 1917 979 1972; x_wconf 91' lang='lat' dir='ltr'><strong>ad</strong></span> <span class='ocrx_word' id='word_1_101' title='bbox 990 1918 1182 1972; x_wconf 86' lang='lat' dir='ltr'><strong>holocaustum.</strong></span> <span class='ocrx_word' id='word_1_102' title='bbox 1230 1917 1390 1972; x_wconf 73' lang='lat' dir='ltr'><strong>Maledictus</strong></span> 
     </span>
     <span class='ocr_line' id='line_1_13' title="bbox 344 2038 1397 2111; baseline -0.004 -17"><span class='ocrx_word' id='word_1_103' title='bbox 344 2041 416 2094; x_wconf 91' lang='lat' dir='ltr'><strong>enim</strong></span> <span class='ocrx_word' id='word_1_104' title='bbox 429 2041 475 2111; x_wconf 92' lang='lat' dir='ltr'><strong>qui</strong></span> <span class='ocrx_word' id='word_1_105' title='bbox 486 2039 564 2094; x_wconf 81' lang='lat' dir='ltr'><strong>offert</strong></span> <span class='ocrx_word' id='word_1_106' title='bbox 576 2038 693 2094; x_wconf 89' lang='lat' dir='ltr'><strong>Domino</strong></span> <span class='ocrx_word' id='word_1_107' title='bbox 705 2038 839 2104; x_wconf 88' lang='lat' dir='ltr'><strong>claudum,</strong></span> <span class='ocrx_word' id='word_1_108' title='bbox 854 2039 941 2093; x_wconf 93' lang='lat' dir='ltr'><strong>debile</strong></span> <span class='ocrx_word' id='word_1_109' title='bbox 962 2039 1004 2092; x_wconf 88' lang='lat' dir='ltr'><strong>vel</strong></span> <span class='ocrx_word' id='word_1_110' title='bbox 1021 2055 1135 2103; x_wconf 84' lang='lat' dir='ltr'><strong>coecum,</strong></span> <span class='ocrx_word' id='word_1_111' title='bbox 1148 2038 1254 2094; x_wconf 84' lang='lat' dir='ltr'><strong>habens</strong></span> <span class='ocrx_word' id='word_1_112' title='bbox 1272 2039 1301 2092; x_wconf 88' lang='lat' dir='ltr'><strong>in</strong></span> <span class='ocrx_word' id='word_1_113' title='bbox 1319 2056 1397 2109; x_wconf 84' lang='lat' dir='ltr'><strong>grege</strong></span> 
     </span>
    </p>
   </div>
   <div class='ocr_carea' id='block_1_3' title="bbox 346 2158 1393 2230">
    <p class='ocr_par' dir='ltr' id='par_1_3' title="bbox 346 2158 1393 2230">
     <span class='ocr_line' id='line_1_14' title="bbox 346 2158 1393 2230; baseline -0.005 -14"><span class='ocrx_word' id='word_1_114' title='bbox 346 2181 394 2216; x_wconf 89' lang='lat' dir='ltr'><strong>suo</strong></span> <span class='ocrx_word' id='word_1_115' title='bbox 405 2161 562 2215; x_wconf 87' lang='lat' dir='ltr'><strong>masculum.</strong></span> <span class='ocrx_word' id='word_1_116' title='bbox 600 2158 736 2213; x_wconf 89' lang='lat' dir='ltr'><strong>Recordor</strong></span> <span class='ocrx_word' id='word_1_117' title='bbox 755 2159 836 2230; x_wconf 89' lang='lat' dir='ltr'><strong>hujus</strong></span> <span class='ocrx_word' id='word_1_118' title='bbox 853 2158 1025 2224; x_wconf 77' lang='lat' dir='ltr'><strong>auctoritatis,</strong></span> <span class='ocrx_word' id='word_1_119' title='bbox 1040 2175 1123 2229; x_wconf 88' lang='lat' dir='ltr'><strong>quum</strong></span> <span class='ocrx_word' id='word_1_120' title='bbox 1135 2158 1170 2213; x_wconf 88' lang='lat' dir='ltr'><strong>ad</strong></span> <span class='ocrx_word' id='word_1_121' title='bbox 1187 2159 1293 2212; x_wconf 81' lang='lat' dir='ltr'><strong>labores</strong></span> <span class='ocrx_word' id='word_1_122' title='bbox 1310 2159 1393 2212; x_wconf 89' lang='lat' dir='ltr'><strong>seculi</strong></span> 
     </span>
    </p>
   </div>
   <div class='ocr_carea' id='block_1_4' title="bbox 343 2267 1405 3902">
    <p class='ocr_par' dir='ltr' id='par_1_4' title="bbox 343 2267 1405 3902">
     <span class='ocr_line' id='line_1_15' title="bbox 343 2267 1393 2340; baseline 0 -20"><span class='ocrx_word' id='word_1_123' title='bbox 343 2275 479 2338; x_wconf 88' lang='lat' dir='ltr'><strong>promptos</strong></span> <span class='ocrx_word' id='word_1_124' title='bbox 491 2275 517 2320; x_wconf 91' lang='lat' dir='ltr'><strong>et</strong></span> <span class='ocrx_word' id='word_1_125' title='bbox 528 2267 707 2338; x_wconf 79' lang='lat' dir='ltr'><strong>infatigabiles</strong></span> <span class='ocrx_word' id='word_1_126' title='bbox 719 2268 861 2322; x_wconf 90' lang='lat' dir='ltr'><strong>convolare</strong></span> <span class='ocrx_word' id='word_1_127' title='bbox 871 2267 1000 2338; x_wconf 87' lang='lat' dir='ltr'><strong>quosdam</strong></span> <span class='ocrx_word' id='word_1_128' title='bbox 1011 2285 1028 2322; x_wconf 91' lang='lat' dir='ltr'><strong>a</strong></span> <span class='ocrx_word' id='word_1_129' title='bbox 1040 2268 1160 2323; x_wconf 86' lang='lat' dir='ltr'><strong>custodis</strong></span> <span class='ocrx_word' id='word_1_130' title='bbox 1171 2269 1303 2324; x_wconf 88' lang='lat' dir='ltr'><strong>matutina</strong></span> <span class='ocrx_word' id='word_1_131' title='bbox 1309 2286 1393 2340; x_wconf 87' lang='lat' dir='ltr'><strong>usque</strong></span> 
     </span>
     <span class='ocr_line' id='line_1_16' title="bbox 344 2385 1397 2460; baseline 0.005 -21"><span class='ocrx_word' id='word_1_132' title='bbox 344 2386 379 2440; x_wconf 91' lang='lat' dir='ltr'><strong>ad</strong></span> <span class='ocrx_word' id='word_1_133' title='bbox 390 2393 496 2439; x_wconf 90' lang='lat' dir='ltr'><strong>noctem</strong></span> <span class='ocrx_word' id='word_1_134' title='bbox 508 2386 620 2451; x_wconf 90' lang='lat' dir='ltr'><strong>intueor,</strong></span> <span class='ocrx_word' id='word_1_135' title='bbox 634 2385 668 2439; x_wconf 91' lang='lat' dir='ltr'><strong>ad</strong></span> <span class='ocrx_word' id='word_1_136' title='bbox 681 2387 901 2456; x_wconf 77' lang='lat' dir='ltr'><strong>susurriumvero</strong></span> <span class='ocrx_word' id='word_1_137' title='bbox 913 2405 985 2441; x_wconf 84' lang='lat' dir='ltr'><strong>aurae</strong></span> <span class='ocrx_word' id='word_1_138' title='bbox 996 2388 1065 2442; x_wconf 90' lang='lat' dir='ltr'><strong>lenis</strong></span> <span class='ocrx_word' id='word_1_139' title='bbox 1076 2389 1240 2460; x_wconf 88' lang='lat' dir='ltr'><strong>psalmorum</strong></span> <span class='ocrx_word' id='word_1_140' title='bbox 1250 2397 1278 2444; x_wconf 89' lang='lat' dir='ltr'><strong>ct</strong></span> <span class='ocrx_word' id='word_1_141' title='bbox 1286 2390 1397 2444; x_wconf 87' lang='lat' dir='ltr'><strong>lection·</strong></span> 
     </span>
     <span class='ocr_line' id='line_1_17' title="bbox 343 2505 1396 2571; baseline 0.005 -13"><span class='ocrx_word' id='word_1_142' title='bbox 343 2523 389 2558; x_wconf 91' lang='lat' dir='ltr'><strong>um</strong></span> <span class='ocrx_word' id='word_1_143' title='bbox 399 2505 437 2559; x_wconf 92' lang='lat' dir='ltr'><strong>sic</strong></span> <span class='ocrx_word' id='word_1_144' title='bbox 450 2505 606 2570; x_wconf 87' lang='lat' dir='ltr'><strong>obdormire,</strong></span> <span class='ocrx_word' id='word_1_145' title='bbox 621 2505 689 2559; x_wconf 90' lang='lat' dir='ltr'><strong>sicut</strong></span> <span class='ocrx_word' id='word_1_146' title='bbox 700 2506 790 2562; x_wconf 79' lang='lat' dir='ltr'><strong>Adam</strong></span> <span class='ocrx_word' id='word_1_147' title='bbox 802 2506 830 2560; x_wconf 93' lang='lat' dir='ltr'><strong>in</strong></span> <span class='ocrx_word' id='word_1_148' title='bbox 842 2505 976 2571; x_wconf 88' lang='lat' dir='ltr'><strong>Paradiso,</strong></span> <span class='ocrx_word' id='word_1_149' title='bbox 991 2514 1020 2562; x_wconf 87' lang='lat' dir='ltr'><strong>ut</strong></span> <span class='ocrx_word' id='word_1_150' title='bbox 1029 2507 1062 2562; x_wconf 89' lang='lat' dir='ltr'><strong>de</strong></span> <span class='ocrx_word' id='word_1_151' title='bbox 1083 2508 1114 2561; x_wconf 91' lang='lat' dir='ltr'><strong>iis</strong></span> <span class='ocrx_word' id='word_1_152' title='bbox 1130 2508 1239 2562; x_wconf 87' lang='lat' dir='ltr'><strong>tollatur</strong></span> <span class='ocrx_word' id='word_1_153' title='bbox 1256 2517 1330 2562; x_wconf 87' lang='lat' dir='ltr'><strong>costa</strong></span> <span class='ocrx_word' id='word_1_154' title='bbox 1347 2510 1396 2563; x_wconf 84' lang='lat' dir='ltr'><strong>vir·</strong></span> 
     </span>
     <span class='ocr_line' id='line_1_18' title="bbox 344 2627 1395 2700; baseline 0.004 -20"><span class='ocrx_word' id='word_1_155' title='bbox 344 2627 407 2680; x_wconf 86' lang='lat' dir='ltr'><strong>tutis</strong></span> <span class='ocrx_word' id='word_1_156' title='bbox 420 2634 446 2680; x_wconf 90' lang='lat' dir='ltr'><strong>et</strong></span> <span class='ocrx_word' id='word_1_157' title='bbox 456 2627 599 2681; x_wconf 86' lang='lat' dir='ltr'><strong>fabricetur</strong></span> <span class='ocrx_word' id='word_1_158' title='bbox 611 2627 706 2681; x_wconf 88' lang='lat' dir='ltr'><strong>mulier</strong></span> <span class='ocrx_word' id='word_1_159' title='bbox 717 2627 876 2698; x_wconf 78' lang='lat' dir='ltr'><strong>tragilitatis.</strong></span> <span class='ocrx_word' id='word_1_160' title='bbox 915 2628 995 2681; x_wconf 88' lang='lat' dir='ltr'><strong>Bases</strong></span> <span class='ocrx_word' id='word_1_161' title='bbox 1011 2628 1082 2682; x_wconf 88' lang='lat' dir='ltr'><strong>enim</strong></span> <span class='ocrx_word' id='word_1_162' title='bbox 1102 2636 1129 2681; x_wconf 88' lang='lat' dir='ltr'><strong>et</strong></span> <span class='ocrx_word' id='word_1_163' title='bbox 1146 2629 1247 2700; x_wconf 85' lang='lat' dir='ltr'><strong>plantae</strong></span> <span class='ocrx_word' id='word_1_164' title='bbox 1268 2649 1322 2684; x_wconf 86' lang='lat' dir='ltr'><strong>non</strong></span> <span class='ocrx_word' id='word_1_165' title='bbox 1335 2633 1395 2684; x_wconf 91' lang='lat' dir='ltr'><strong>sub-</strong></span> 
     </span>
     <span class='ocr_line' id='line_1_19' title="bbox 345 2745 1395 2818; baseline 0.004 -20"><span class='ocrx_word' id='word_1_166' title='bbox 345 2746 450 2810; x_wconf 85' lang='lat' dir='ltr'><strong>sistunt,</strong></span> <span class='ocrx_word' id='word_1_167' title='bbox 462 2746 546 2801; x_wconf 86' lang='lat' dir='ltr'><strong>donec</strong></span> <span class='ocrx_word' id='word_1_168' title='bbox 558 2746 722 2817; x_wconf 85' lang='lat' dir='ltr'><strong>compleatur</strong></span> <span class='ocrx_word' id='word_1_169' title='bbox 734 2745 902 2816; x_wconf 84' lang='lat' dir='ltr'><strong>evangelium</strong></span> <span class='ocrx_word' id='word_1_170' title='bbox 920 2746 948 2799; x_wconf 93' lang='lat' dir='ltr'><strong>in</strong></span> <span class='ocrx_word' id='word_1_171' title='bbox 960 2746 1040 2801; x_wconf 91' lang='lat' dir='ltr'><strong>choro</strong></span> <span class='ocrx_word' id='word_1_172' title='bbox 1053 2765 1113 2818; x_wconf 84' lang='lat' dir='ltr'><strong>quaa</strong></span> <span class='ocrx_word' id='word_1_173' title='bbox 1126 2755 1210 2802; x_wconf 88' lang='lat' dir='ltr'><strong>totam</strong></span> <span class='ocrx_word' id='word_1_174' title='bbox 1221 2748 1297 2803; x_wconf 90' lang='lat' dir='ltr'><strong>litem</strong></span> <span class='ocrx_word' id='word_1_175' title='bbox 1317 2748 1395 2802; x_wconf 90' lang='lat' dir='ltr'><strong>finie-</strong></span> 
     </span>
     <span class='ocr_line' id='line_1_20' title="bbox 344 2863 1399 2940; baseline 0.004 -24"><span class='ocrx_word' id='word_1_176' title='bbox 344 2871 407 2916; x_wconf 87' lang='lat' dir='ltr'><strong>runt</strong></span> <span class='ocrx_word' id='word_1_177' title='bbox 418 2863 560 2918; x_wconf 80' lang='lat' dir='ltr'><strong>inferibiles</strong></span> <span class='ocrx_word' id='word_1_178' title='bbox 579 2865 607 2917; x_wconf 88' lang='lat' dir='ltr'><strong>in</strong></span> <span class='ocrx_word' id='word_1_179' title='bbox 618 2865 684 2918; x_wconf 79' lang='lat' dir='ltr'><strong>foro.</strong></span> <span class='ocrx_word' id='word_1_180' title='bbox 721 2864 801 2920; x_wconf 90' lang='lat' dir='ltr'><strong>Oculi</strong></span> <span class='ocrx_word' id='word_1_181' title='bbox 812 2866 916 2938; x_wconf 81' lang='lat' dir='ltr'><strong>gravati</strong></span> <span class='ocrx_word' id='word_1_182' title='bbox 927 2874 990 2924; x_wconf 84' lang='lat' dir='ltr'><strong>sunt</strong></span> <span class='ocrx_word' id='word_1_183' title='bbox 1000 2866 1028 2920; x_wconf 89' lang='lat' dir='ltr'><strong>in</strong></span> <span class='ocrx_word' id='word_1_184' title='bbox 1040 2867 1128 2938; x_wconf 84' lang='lat' dir='ltr'><strong>primo</strong></span> <span class='ocrx_word' id='word_1_185' title='bbox 1140 2868 1245 2938; x_wconf 89' lang='lat' dir='ltr'><strong>psalmo</strong></span> <span class='ocrx_word' id='word_1_186' title='bbox 1258 2869 1304 2940; x_wconf 88' lang='lat' dir='ltr'><strong>qui</strong></span> <span class='ocrx_word' id='word_1_187' title='bbox 1316 2868 1399 2922; x_wconf 89' lang='lat' dir='ltr'><strong>conti-</strong></span> 
     </span>
     <span class='ocr_line' id='line_1_21' title="bbox 345 2982 1394 3059; baseline 0.005 -23"><span class='ocrx_word' id='word_1_188' title='bbox 345 2991 493 3038; x_wconf 87' lang='lat' dir='ltr'><strong>nuaverant</strong></span> <span class='ocrx_word' id='word_1_189' title='bbox 503 2982 532 3037; x_wconf 89' lang='lat' dir='ltr'><strong>in</strong></span> <span class='ocrx_word' id='word_1_190' title='bbox 541 2983 638 3037; x_wconf 76' lang='lat' dir='ltr'><strong>fabulis</strong></span> <span class='ocrx_word' id='word_1_191' title='bbox 650 2992 678 3037; x_wconf 90' lang='lat' dir='ltr'><strong>et</strong></span> <span class='ocrx_word' id='word_1_192' title='bbox 687 2982 797 3039; x_wconf 89' lang='lat' dir='ltr'><strong>ludicris</strong></span> <span class='ocrx_word' id='word_1_193' title='bbox 809 3003 892 3056; x_wconf 85' lang='lat' dir='ltr'><strong>usque</strong></span> <span class='ocrx_word' id='word_1_194' title='bbox 905 2986 940 3040; x_wconf 88' lang='lat' dir='ltr'><strong>ad</strong></span> <span class='ocrx_word' id='word_1_195' title='bbox 950 2986 1016 3058; x_wconf 85' lang='lat' dir='ltr'><strong>galli</strong></span> <span class='ocrx_word' id='word_1_196' title='bbox 1028 2993 1252 3059; x_wconf 21' lang='lat' dir='ltr'><strong>cantum-tempus</strong></span> <span class='ocrx_word' id='word_1_197' title='bbox 1269 2988 1394 3041; x_wconf 88' lang='lat' dir='ltr'><strong>diurnum</strong></span> 
     </span>
     <span class='ocr_line' id='line_1_22' title="bbox 346 3103 1398 3178; baseline 0.003 -20"><span class='ocrx_word' id='word_1_198' title='bbox 346 3122 407 3160; x_wconf 89' lang='lat' dir='ltr'><strong>cum</strong></span> <span class='ocrx_word' id='word_1_199' title='bbox 423 3111 561 3160; x_wconf 89' lang='lat' dir='ltr'><strong>nocturno.</strong></span> <span class='ocrx_word' id='word_1_200' title='bbox 598 3104 639 3158; x_wconf 89' lang='lat' dir='ltr'><strong>De</strong></span> <span class='ocrx_word' id='word_1_201' title='bbox 650 3103 692 3159; x_wconf 88' lang='lat' dir='ltr'><strong>his</strong></span> <span class='ocrx_word' id='word_1_202' title='bbox 704 3105 851 3176; x_wconf 86' lang='lat' dir='ltr'><strong>propheta:</strong></span> <span class='ocrx_word' id='word_1_203' title='bbox 871 3105 999 3177; x_wconf 83' lang='lat' dir='ltr'><strong>Ephraim</strong></span> <span class='ocrx_word' id='word_1_204' title='bbox 1011 3107 1096 3162; x_wconf 87' lang='lat' dir='ltr'><strong>vitula</strong></span> <span class='ocrx_word' id='word_1_205' title='bbox 1108 3107 1202 3164; x_wconf 89' lang='lat' dir='ltr'><strong>docta:</strong></span> <span class='ocrx_word' id='word_1_206' title='bbox 1231 3107 1312 3178; x_wconf 87' lang='lat' dir='ltr'><strong>dilige</strong></span> <span class='ocrx_word' id='word_1_207' title='bbox 1325 3108 1398 3161; x_wconf 90' lang='lat' dir='ltr'><strong>tritu-</strong></span> 
     </span>
     <span class='ocr_line' id='line_1_23' title="bbox 345 3225 1400 3299; baseline 0.005 -22"><span class='ocrx_word' id='word_1_208' title='bbox 345 3242 411 3290; x_wconf 86' lang='lat' dir='ltr'><strong>ram,</strong></span> <span class='ocrx_word' id='word_1_209' title='bbox 425 3242 537 3297; x_wconf 91' lang='lat' dir='ltr'><strong>quorum</strong></span> <span class='ocrx_word' id='word_1_210' title='bbox 548 3225 648 3295; x_wconf 86' lang='lat' dir='ltr'><strong>primus</strong></span> <span class='ocrx_word' id='word_1_211' title='bbox 660 3226 703 3280; x_wconf 89' lang='lat' dir='ltr'><strong>vel</strong></span> <span class='ocrx_word' id='word_1_212' title='bbox 715 3234 786 3279; x_wconf 87' lang='lat' dir='ltr'><strong>certe</strong></span> <span class='ocrx_word' id='word_1_213' title='bbox 805 3243 874 3281; x_wconf 91' lang='lat' dir='ltr'><strong>unus</strong></span> <span class='ocrx_word' id='word_1_214' title='bbox 894 3244 943 3297; x_wconf 82' lang='lat' dir='ltr'><strong>ego</strong></span> <span class='ocrx_word' id='word_1_215' title='bbox 959 3246 1029 3282; x_wconf 84' lang='lat' dir='ltr'><strong>aum.</strong></span> <span class='ocrx_word' id='word_1_216' title='bbox 1056 3228 1133 3282; x_wconf 85' lang='lat' dir='ltr'><strong>Certe</strong></span> <span class='ocrx_word' id='word_1_217' title='bbox 1154 3227 1189 3281; x_wconf 87' lang='lat' dir='ltr'><strong>ad</strong></span> <span class='ocrx_word' id='word_1_218' title='bbox 1209 3245 1291 3299; x_wconf 87' lang='lat' dir='ltr'><strong>opera</strong></span> <span class='ocrx_word' id='word_1_219' title='bbox 1311 3230 1400 3283; x_wconf 78' lang='lat' dir='ltr'><strong>carnis</strong></span> 
     </span>
     <span class='ocr_line' id='line_1_24' title="bbox 346 3345 1400 3421; baseline 0.006 -24"><span class='ocrx_word' id='word_1_220' title='bbox 346 3345 475 3398; x_wconf 87' lang='lat' dir='ltr'><strong>robustior</strong></span> <span class='ocrx_word' id='word_1_221' title='bbox 496 3362 563 3409; x_wconf 89' lang='lat' dir='ltr'><strong>sum,</strong></span> <span class='ocrx_word' id='word_1_222' title='bbox 576 3345 687 3398; x_wconf 87' lang='lat' dir='ltr'><strong>debilior</strong></span> <span class='ocrx_word' id='word_1_223' title='bbox 702 3362 766 3400; x_wconf 87' lang='lat' dir='ltr'><strong>vero</strong></span> <span class='ocrx_word' id='word_1_224' title='bbox 779 3346 814 3400; x_wconf 92' lang='lat' dir='ltr'><strong>ad</strong></span> <span class='ocrx_word' id='word_1_225' title='bbox 830 3365 862 3401; x_wconf 89' lang='lat' dir='ltr'><strong>ea</strong></span> <span class='ocrx_word' id='word_1_226' title='bbox 876 3366 937 3420; x_wconf 85' lang='lat' dir='ltr'><strong>quae</strong></span> <span class='ocrx_word' id='word_1_227' title='bbox 952 3350 1083 3419; x_wconf 85' lang='lat' dir='ltr'><strong>usquein</strong></span> <span class='ocrx_word' id='word_1_228' title='bbox 1098 3367 1178 3404; x_wconf 84' lang='lat' dir='ltr'><strong>carne</strong></span> <span class='ocrx_word' id='word_1_229' title='bbox 1189 3357 1252 3404; x_wconf 87' lang='lat' dir='ltr'><strong>suut</strong></span> <span class='ocrx_word' id='word_1_230' title='bbox 1268 3367 1356 3421; x_wconf 92' lang='lat' dir='ltr'><strong>neque</strong></span> <span class='ocrx_word' id='word_1_231' title='bbox 1368 3351 1400 3403; x_wconf 87' lang='lat' dir='ltr'><strong>de</strong></span> 
     </span>
     <span class='ocr_line' id='line_1_25' title="bbox 348 3463 1405 3541; baseline 0.005 -23"><span class='ocrx_word' id='word_1_232' title='bbox 348 3481 427 3518; x_wconf 88' lang='lat' dir='ltr'><strong>came</strong></span> <span class='ocrx_word' id='word_1_233' title='bbox 453 3463 549 3519; x_wconf 89' lang='lat' dir='ltr'><strong>studia.</strong></span> <span class='ocrx_word' id='word_1_234' title='bbox 587 3463 665 3520; x_wconf 86' lang='lat' dir='ltr'><strong>Hanc</strong></span> <span class='ocrx_word' id='word_1_235' title='bbox 678 3464 910 3522; x_wconf 86' lang='lat' dir='ltr'><strong>confessionemin</strong></span> <span class='ocrx_word' id='word_1_236' title='bbox 929 3478 1073 3541; x_wconf 90' lang='lat' dir='ltr'><strong>conspectu</strong></span> <span class='ocrx_word' id='word_1_237' title='bbox 1083 3469 1135 3524; x_wconf 89' lang='lat' dir='ltr'><strong>Dei</strong></span> <span class='ocrx_word' id='word_1_238' title='bbox 1143 3477 1170 3525; x_wconf 94' lang='lat' dir='ltr'><strong>et</strong></span> <span class='ocrx_word' id='word_1_239' title='bbox 1181 3478 1298 3524; x_wconf 89' lang='lat' dir='ltr'><strong>vestrum</strong></span> <span class='ocrx_word' id='word_1_240' title='bbox 1320 3470 1405 3525; x_wconf 81' lang='lat' dir='ltr'><strong>effun-</strong></span> 
     </span>
     <span class='ocr_line' id='line_1_26' title="bbox 349 3576 1405 3657; baseline 0.005 -19"><span class='ocrx_word' id='word_1_241' title='bbox 349 3585 391 3649; x_wconf 89' lang='lat' dir='ltr'><strong>do,</strong></span> <span class='ocrx_word' id='word_1_242' title='bbox 404 3591 435 3638; x_wconf 89' lang='lat' dir='ltr'><strong>ut</strong></span> <span class='ocrx_word' id='word_1_243' title='bbox 446 3585 533 3640; x_wconf 87' lang='lat' dir='ltr'><strong>sciatis</strong></span> <span class='ocrx_word' id='word_1_244' title='bbox 546 3604 627 3657; x_wconf 90' lang='lat' dir='ltr'><strong>quare</strong></span> <span class='ocrx_word' id='word_1_245' title='bbox 646 3589 763 3644; x_wconf 83' lang='lat' dir='ltr'><strong>venerim</strong></span> <span class='ocrx_word' id='word_1_246' title='bbox 774 3588 809 3642; x_wconf 87' lang='lat' dir='ltr'><strong>cd</strong></span> <span class='ocrx_word' id='word_1_247' title='bbox 820 3598 938 3644; x_wconf 89' lang='lat' dir='ltr'><strong>montem</strong></span> <span class='ocrx_word' id='word_1_248' title='bbox 949 3589 1008 3656; x_wconf 87' lang='lat' dir='ltr'><strong>Dei,</strong></span> <span class='ocrx_word' id='word_1_249' title='bbox 1025 3601 1056 3645; x_wconf 89' lang='lat' dir='ltr'><strong>ut</strong></span> <span class='ocrx_word' id='word_1_250' title='bbox 1075 3591 1176 3646; x_wconf 88' lang='lat' dir='ltr'><strong>scilicet</strong></span> <span class='ocrx_word' id='word_1_251' title='bbox 1190 3591 1286 3645; x_wconf 78' lang='lat' dir='ltr'><strong>statum</strong></span> <span class='ocrx_word' id='word_1_252' title='bbox 1301 3576 1405 3645; x_wconf 87' lang='lat' dir='ltr'><strong>melior·</strong></span> 
     </span>
     <span class='ocr_line' id='line_1_27' title="bbox 350 3704 1403 3783; baseline 0.002 -24"><span class='ocrx_word' id='word_1_253' title='bbox 350 3724 393 3758; x_wconf 91' lang='lat' dir='ltr'><strong>em</strong></span> <span class='ocrx_word' id='word_1_254' title='bbox 410 3704 512 3760; x_wconf 85' lang='lat' dir='ltr'><strong>Rachel</strong></span> <span class='ocrx_word' id='word_1_255' title='bbox 530 3707 616 3778; x_wconf 88' lang='lat' dir='ltr'><strong>pariat</strong></span> <span class='ocrx_word' id='word_1_256' title='bbox 634 3707 699 3760; x_wconf 89' lang='lat' dir='ltr'><strong>mihi</strong></span> <span class='ocrx_word' id='word_1_257' title='bbox 716 3725 797 3778; x_wconf 92' lang='lat' dir='ltr'><strong>quam</strong></span> <span class='ocrx_word' id='word_1_258' title='bbox 811 3708 940 3764; x_wconf 88' lang='lat' dir='ltr'><strong>hactenus</strong></span> <span class='ocrx_word' id='word_1_259' title='bbox 952 3708 1002 3764; x_wconf 78' lang='lat' dir='ltr'><strong>aa</strong></span> <span class='ocrx_word' id='word_1_260' title='bbox 1018 3710 1177 3783; x_wconf 85' lang='lat' dir='ltr'><strong>conceperit.</strong></span> <span class='ocrx_word' id='word_1_261' title='bbox 1216 3709 1318 3762; x_wconf 85' lang='lat' dir='ltr'><strong>Rachel</strong></span> <span class='ocrx_word' id='word_1_262' title='bbox 1333 3709 1403 3762; x_wconf 89' lang='lat' dir='ltr'><strong>enim</strong></span> 
     </span>
     <span class='ocr_line' id='line_1_28' title="bbox 349 3825 1402 3902; baseline 0.004 -25"><span class='ocrx_word' id='word_1_263' title='bbox 349 3825 474 3878; x_wconf 89' lang='lat' dir='ltr'><strong>continuo</strong></span> <span class='ocrx_word' id='word_1_264' title='bbox 486 3843 627 3890; x_wconf 89' lang='lat' dir='ltr'><strong>murmure,</strong></span> <span class='ocrx_word' id='word_1_265' title='bbox 642 3826 714 3896; x_wconf 91' lang='lat' dir='ltr'><strong>quod</strong></span> <span class='ocrx_word' id='word_1_266' title='bbox 726 3845 785 3881; x_wconf 91' lang='lat' dir='ltr'><strong>eam</strong></span> <span class='ocrx_word' id='word_1_267' title='bbox 797 3828 960 3900; x_wconf 88' lang='lat' dir='ltr'><strong>despicerem</strong></span> <span class='ocrx_word' id='word_1_268' title='bbox 973 3838 999 3884; x_wconf 89' lang='lat' dir='ltr'><strong>et</strong></span> <span class='ocrx_word' id='word_1_269' title='bbox 1010 3848 1149 3902; x_wconf 87' lang='lat' dir='ltr'><strong>nunquam</strong></span> <span class='ocrx_word' id='word_1_270' title='bbox 1162 3830 1299 3901; x_wconf 84' lang='lat' dir='ltr'><strong>copularet</strong></span> <span class='ocrx_word' id='word_1_271' title='bbox 1312 3829 1344 3893; x_wconf 92' lang='lat' dir='ltr'><strong>ei,</strong></span> <span class='ocrx_word' id='word_1_272' title='bbox 1360 3847 1402 3881; x_wconf 90' lang='lat' dir='ltr'><strong>au-</strong></span> 
     </span>
    </p>
   </div>
   <div class='ocr_carea' id='block_1_5' title="bbox 349 3944 1402 4020">
    <p class='ocr_par' dir='ltr' id='par_1_5' title="bbox 349 3944 1402 4020">
     <span class='ocr_line' id='line_1_29' title="bbox 349 3944 1402 4020; baseline 0.006 -24"><span class='ocrx_word' id='word_1_273' title='bbox 349 3961 391 3997; x_wconf 86' lang='lat' dir='ltr'><strong>res</strong></span> <span class='ocrx_word' id='word_1_274' title='bbox 403 3960 475 3997; x_wconf 87' lang='lat' dir='ltr'><strong>meas</strong></span> <span class='ocrx_word' id='word_1_275' title='bbox 490 3944 626 4016; x_wconf 89' lang='lat' dir='ltr'><strong>implebat.</strong></span> <span class='ocrx_word' id='word_1_276' title='bbox 664 3946 703 4001; x_wconf 88' lang='lat' dir='ltr'><strong>Ut</strong></span> <span class='ocrx_word' id='word_1_277' title='bbox 714 3964 767 4003; x_wconf 88' lang='lat' dir='ltr'><strong>una</strong></span> <span class='ocrx_word' id='word_1_278' title='bbox 785 3949 865 4020; x_wconf 84' lang='lat' dir='ltr'><strong>igitur</strong></span> <span class='ocrx_word' id='word_1_279' title='bbox 882 3959 961 4006; x_wconf 89' lang='lat' dir='ltr'><strong>nocte</strong></span> <span class='ocrx_word' id='word_1_280' title='bbox 978 3951 1083 4006; x_wconf 87' lang='lat' dir='ltr'><strong>indulta</strong></span> <span class='ocrx_word' id='word_1_281' title='bbox 1096 3951 1250 4017; x_wconf 86' lang='lat' dir='ltr'><strong>tentabo,si</strong></span> <span class='ocrx_word' id='word_1_282' title='bbox 1266 3952 1301 4006; x_wconf 89' lang='lat' dir='ltr'><strong>de</strong></span> <span class='ocrx_word' id='word_1_283' title='bbox 1313 3958 1402 4005; x_wconf 79' lang='lat' dir='ltr'><strong>ventre</strong></span> 
     </span>
    </p>
   </div>
   <div class='ocr_carea' id='block_1_6' title="bbox 352 4065 1404 4146">
    <p class='ocr_par' dir='ltr' id='par_1_6' title="bbox 352 4065 1404 4146">
     <span class='ocr_line' id='line_1_30' title="bbox 352 4065 1404 4146; baseline 0.007 -28"><span class='ocrx_word' id='word_1_284' title='bbox 352 4066 408 4137; x_wconf 86' lang='lat' dir='ltr'><strong>ejus</strong></span> <span class='ocrx_word' id='word_1_285' title='bbox 426 4065 526 4138; x_wconf 89' lang='lat' dir='ltr'><strong>Joseph</strong></span> <span class='ocrx_word' id='word_1_286' title='bbox 545 4075 653 4139; x_wconf 89' lang='lat' dir='ltr'><strong>aspectu</strong></span> <span class='ocrx_word' id='word_1_287' title='bbox 671 4069 797 4125; x_wconf 85' lang='lat' dir='ltr'><strong>decorum</strong></span> <span class='ocrx_word' id='word_1_288' title='bbox 814 4088 861 4126; x_wconf 90' lang='lat' dir='ltr'><strong>seu</strong></span> <span class='ocrx_word' id='word_1_289' title='bbox 877 4072 1017 4146; x_wconf 86' lang='lat' dir='ltr'><strong>Baujamin</strong></span> <span class='ocrx_word' id='word_1_290' title='bbox 1043 4073 1129 4129; x_wconf 87' lang='lat' dir='ltr'><strong>filium</strong></span> <span class='ocrx_word' id='word_1_291' title='bbox 1147 4073 1250 4128; x_wconf 81' lang='lat' dir='ltr'><strong>dextrae</strong></span> <span class='ocrx_word' id='word_1_292' title='bbox 1278 4090 1404 4145; x_wconf 86' lang='lat' dir='ltr'><strong>generare</strong></span> 
     </span>
    </p>
   </div>
   <div class='ocr_carea' id='block_1_7' title="bbox 351 4187 1399 4267">
    <p class='ocr_par' dir='ltr' id='par_1_7' title="bbox 351 4187 1399 4267">
     <span class='ocr_line' id='line_1_31' title="bbox 351 4187 1399 4267; baseline 0.01 -25"><span class='ocrx_word' id='word_1_293' title='bbox 351 4187 466 4264; x_wconf 87' lang='lat' dir='ltr'><strong>possim:</strong></span> <span class='ocrx_word' id='word_1_294' title='bbox 492 4196 519 4242; x_wconf 88' lang='lat' dir='ltr'><strong>et</strong></span> <span class='ocrx_word' id='word_1_295' title='bbox 538 4190 639 4264; x_wconf 81' lang='lat' dir='ltr'><strong>Joseph</strong></span> <span class='ocrx_word' id='word_1_296' title='bbox 660 4191 768 4264; x_wconf 90' lang='lat' dir='ltr'><strong>quidem</strong></span> <span class='ocrx_word' id='word_1_297' title='bbox 785 4201 894 4266; x_wconf 87' lang='lat' dir='ltr'><strong>propter</strong></span> <span class='ocrx_word' id='word_1_298' title='bbox 912 4195 1012 4258; x_wconf 84' lang='lat' dir='ltr'><strong>lamam</strong></span> <span class='ocrx_word' id='word_1_299' title='bbox 1037 4195 1143 4262; x_wconf 86' lang='lat' dir='ltr'><strong>bonam,</strong></span> <span class='ocrx_word' id='word_1_300' title='bbox 1169 4195 1311 4267; x_wconf 84' lang='lat' dir='ltr'><strong>Benjamin</strong></span> <span class='ocrx_word' id='word_1_301' title='bbox 1338 4211 1399 4252; x_wconf 82' lang='lat' dir='ltr'><strong>vero</strong></span> 
     </span>
    </p>
   </div>
   <div class='ocr_carea' id='block_1_8' title="bbox 0 0 1568 5192">
    <p class='ocr_par' dir='ltr' id='par_1_8' title="bbox 0 0 1568 5192">
     <span class='ocr_line' id='line_1_32' title="bbox 0 0 1568 5192; baseline 0 0"><span class='ocrx_word' id='word_1_302' title='bbox 0 0 1568 5192; x_wconf 95' lang='lat' dir='ltr'><strong> </strong></span> 
     </span>
    </p>
   </div>
  </div>
 </body>
</html>
