3100 5192
547 491 702 545 Darveusrs
720 508 866 545 sermore.
1011 510 1019 533 ·
1185 495 1217 545 85

161 650 207 702 im.
220 656 247 701 et
258 667 278 703 s.
289 664 316 700 n.
348 645 380 699 ln
394 664 425 699 eo
439 645 511 715 quod
524 646 592 700 dixit
604 648 752 712 Faciamus,
765 664 820 700 una
827 648 945 717 operatio
956 647 1034 699 trium
1047 664 1219 717 personarum

161 769 316 823 ostenditur.
355 768 387 820 ln
399 767 451 820 hoc
469 766 625 837 vero'quod
638 768 706 821 dixit
726 767 761 820 ud
780 768 841 822 ima.
856 776 882 821 et
901 786 922 821 s.
936 786 972 832 n.,
995 786 1050 847 unu
1062 776 1088 821 et
1110 768 1222 840 aequalis

161 887 310 941 substantia
321 886 402 941 trium
413 901 588 956 personarum
600 893 770 940 monstratur.
809 885 850 940 Ex
863 904 978 957 persona
991 887 1065 939 enim
1077 886 1160 958 patris
1172 886 1222 938 hoc

162 1005 261 1059 dicitur
272 1005 307 1058 ad
321 1004 418 1058 Filium
429 1011 456 1058 et
468 1003 595 1074 Spiritum
608 1004 743 1068 Sanctum,
757 1020 820 1068 non,
834 1012 865 1057 ut
882 1002 990 1074 quidam
1007 1010 1112 1074 putant,
1127 1002 1161 1056 sd
1176 1020 1222 1057 an-

165 1122 249 1193 gelos,
262 1123 327 1193 quis
336 1122 390 1176 Dei
402 1132 430 1176 et
441 1121 597 1193 angelornm
609 1139 664 1176 non
677 1130 717 1177 ast
729 1138 785 1175 una
797 1130 823 1176 et
835 1122 929 1177 eadem
942 1120 1089 1177 similitudo
1101 1120 1144 1175 val
1154 1121 1223 1175 ima-

162 1260 205 1313 go.
242 1233 351 1313 Proprie
362 1242 452 1312 itaque
464 1241 548 1296 Filius
561 1241 658 1297 dicitur
669 1242 760 1312 imago
776 1240 871 1307 Patris,
890 1241 1030 1296 Trinitatis
1046 1240 1162 1297 essentia
1172 1239 1222 1293 mi·

162 1380 214 1417 aus
224 1362 339 1433 proprie,
352 1362 432 1417 homo
443 1362 594 1434 impropria.
630 1362 675 1415 Sic
685 1369 774 1416 autem
787 1360 867 1417 homo
880 1360 977 1416 dicitur
985 1361 1074 1431 inrogo
1085 1362 1144 1427 Dei,
1158 1362 1222 1433 quia

164 1478 366 1533 similitudinem
386 1479 444 1551 ejus
456 1480 485 1533 in
497 1496 527 1533 se
538 1480 616 1549 gerit,
628 1478 698 1533 sicut
708 1478 798 1549 imago
810 1479 931 1544 casaris,
946 1496 1007 1549 quse
1021 1479 1221 1535 similitudinem

163 1598 223 1670 ojus
234 1598 353 1669 praefert
391 1598 538 1669 fluctuque
558 1600 623 1653 satis
638 1599 808 1652 dilataverim
821 1597 978 1670 philacteria
989 1616 1049 1653 mea
1061 1606 1088 1651 et
1099 1598 1223 1681 magnifi-

164 1716 280 1769 caverim
291 1715 419 1769 fimbrias.
456 1715 540 1787 Siqua
550 1723 640 1769 tamen
649 1714 742 1770 durius
751 1715 874 1781 dixerim,
885 1714 994 1771 obsecro
1006 1714 1176 1785 indulgeatis.

590 2066 634 2116 36.
654 2062 804 2116 EISDEM.
868 2094 871 2105 ·

203 2186 331 2238 Doururs
349 2194 408 2234 sors
427 2198 461 2233 us
484 2198 578 2233 uonna
604 2181 660 2234 Dar
686 2182 804 2235 suus'G.
826 2198 935 2237 roarsu
961 2200 1037 2237 ausu
1065 2201 1223 2239 surculosus

161 2320 339 2357 assarum.

203 2421 261 2475 Etsi
272 2422 361 2492 apices
368 2419 555 2474 salutationum
565 2422 667 2473 avobis
676 2438 736 2473 mea
744 2421 880 2475 humilitas
888 2422 1008 2493 accipere
1017 2440 1071 2476 non
1080 2433 1221 2489 mereatur,

167 2540 406 2597 mereatur-saltem
423 2556 535 2593 munero
549 2540 707 2593 orationum.
743 2542 893 2611 Utrumque
913 2542 994 2605 enim,
1007 2542 1030 2595 si
1047 2542 1105 2595 lieri
1124 2552 1222 2613 posset,

153 2673 235 2729 'satis
246 2680 383 2743 muster
390 2672 546 2743 acciperem,
556 2671 668 2725 alterum
680 2680 770 2725 tamen
788 2671 951 2725 ambitiosius
969 2671 1091 2743 deposco,
1105 2672 1176 2740 sitad
1184 2682 1225 2727 ut-

169 2810 343 2863 rumquenon
352 2792 437 2846 valeo.
460 2790 641 2845 Laetificarent
650 2808 693 2845 me
700 2792 794 2858 literae,
806 2792 829 2845 si
835 2792 959 2858 scribitis,
971 2793 1017 2846 sed
1023 2795 1120 2865 juvant
1128 2795 1223 2848 oratio·
1243 2849 1246 2854 ,

170 2909 252 2975 nessi
259 2928 303 2964 eas
310 2927 409 2980 prome
416 2908 536 2962 funditis.
549 2909 708 2980 insipientia
718 2928 779 2963 mea
785 2910 889 2980 indiget
895 2912 1025 2965 honorum
1032 2913 1208 2969 instructione
1217 2935 1224 2982 ;

153 3008 157 3014 Ι
171 3030 311 3085 iufirmitas
323 3029 420 3082 animae
433 3046 500 3082 meae
512 3028 610 3082 devota
622 3037 649 3082 et
660 3029 767 3082 assidua
780 3030 906 3083 oratione.
943 3030 1081 3085 Outinam
1090 3034 1225 3104 prospice·

104 3150 109 3155 ’
171 3148 236 3203 retis
247 3148 340 3218 plagas
352 3147 449 3200 animae
461 3164 529 3199 meae
542 3146 647 3199 miserae
660 3153 687 3199 et
699 3146 825 3199 desolatae
837 3146 865 3199 in
878 3148 1002 3225 vastitate
1011 3148 1116 3202 hostili!
1138 3150 1224 3217 Certe,

172 3268 195 3319 si
209 3284 267 3319 eam
279 3264 432 3335 diligeretis,
445 3281 596 3335 supeream
613 3263 748 3334 lugeretis.
785 3264 809 3315 0
829 3263 930 3317 domini
943 3273 969 3319 et
986 3276 1074 3337 patres
1087 3269 1225 3335 carissimi,

173 3403 221 3439 cur
231 3402 286 3438 non
297 3383 415 3438 liberatis
433 3383 550 3437 animam
566 3382 690 3453 quamvis
707 3384 943 3449 miseram‚tamen
961 3388 1093 3441 vestrum?
1111 3406 1158 3442 cur
1170 3406 1225 3443 non

161 3503 311 3559 -emitisde
323 3502 465 3557 oreleonis
476 3503 741 3575 janrsenipastam?
759 3522 807 3556 cur
826 3521 880 3557 non
899 3504 1029 3559 redimitis
1050 3508 1099 3559 sub
1119 3508 1228 3563 vinculo
1284 3510 1287 3515 '

175 3621 336 3693 captivitatis
348 3638 538 3693 usquequaque
550 3622 739 3675 humiliatam?
757 3621 879 3675 Sufficiat
890 3622 966 3676 vohis
979 3624 1013 3677 ad
1025 3626 1230 3681 commovendas

174 3740 280 3814 pietatis
291 3740 404 3795 affectura
423 3741 571 3795 recordatio
590 3742 760 3812 antiquarum
780 3742 954 3809 miseriarum,
966 3762 983 3797 s
1004 3744 1099 3814 quihus
1117 3745 1231 3800 redemit
1289 3720 1291 3723 Ι

176 3860 285 3931 eosqui
295 3877 389 3931 passus
397 3868 441 3914 est
461 3880 510 3933 pro
528 3860 613 3915 rabis.
650 3861 728 3915 Ultra
746 3862 898 3917 extenditur
921 3864 1042 3919 cumulus
1061 3876 1231 3936 peccatorum

177 3998 309 4045 macrum,
322 3981 409 4035 etniai
421 3981 660 4053 Dominus-juverit
680 3981 855 4038 sanctissimis
870 3985 1031 4039 orationihus
1048 3986 1139 4041 vestris
1150 3986 1231 4039 iuter-

177 4102 301 4173 palatus,
310 4103 369 4173 jam
379 4102 485 4157 inferno
497 4102 719 4172 appropinquant.
