3100 5192
325 482 359 537 78
622 444 624 450 ¹
764 480 800 533 G.
818 478 939 541 Arruns

323 632 409 688 libero
420 631 511 689 volatu
524 650 576 705 qun
587 630 654 688 libet
665 631 772 689 devolet
788 633 842 689 ille.
879 632 975 689 Utitur·
984 632 1068 687 hostis
1083 630 1184 686 mundo
1200 630 1251 687 isto
1263 640 1294 687 ut
1306 629 1379 687 deei-

325 752 389 824 pist,
400 753 484 808 utitur
494 752 602 808 homine
613 752 739 807 adrem
747 752 884 808 homiuem
892 760 923 806 ut
930 751 1040 817 oeeidnt,
1051 750 1135 805 utitur
1142 749 1237 805 eodem
1249 749 1379 804 adversus

327 870 452 927 eumdem
469 879 500 926 ut
516 873 665 927 absorbent.
700 871 828 928 Sensibus
844 871 898 927 suis
914 880 1042 944 tanusm
1058 869 1172 943 propriis
1187 868 1269 923 ermis
1285 870 1388 923 trium-

327 989 401 1061 phet,
414 995 441 1045 et
453 990 603 1076 transgulat
619 990 762 1062 captivum,
775 1006 859 1060 quum
873 988 980 1061 spiritus
996 988 1024 1043 iu
1042 988 1197 1043 servitutem
1213 1003 1269 1041 non
1281 984 1381 1057 redigit

327 1108 439 1163 mortale
451 1125 548 1179 eorpus
557 1126 643 1163 suum.
680 1108 799 1180 Opertis
808 1108 917 1179 inique!
935 1108 961 1161 0
973 1123 1028 1162 sors
1035 1106 1175 1161 homiuum
1183 1104 1297 1160 misere!
1316 1105 1380 1161 Non

328 1233 371 1279 est
381 1223 429 1279 uiri
441 1224 469 1278 in
482 1232 508 1279 te
519 1225 620 1279 virtus:
636 1241 692 1279 non
704 1224 732 1278 in
744 1241 810 1279 arcu
822 1225 926 1279 virtutis
937 1230 999 1289 tuse,
1010 1240 1097 1295 usque
1115 1222 1144 1276 in
1160 1222 1238 1277 heris
1247 1220 1326 1277 liberi
1339 1239 1381 1276 nr-

256 1357 260 1362 ·
328 1342 402 1395 bitrii
411 1342 452 1397 tui
463 1343 549 1397 sulvat
560 1342 698 1398 Dominus.
734 1343 779 1397 Sic
786 1342 878 1399 eolliss
889 1343 959 1397 inter
970 1342 1103 1414 scopulos,
1113 1342 1152 1396 sie
1164 1341 1300 1397 confracte
1311 1342 1382 1396 inter

328 1462 451 1535 populos
469 1461 552 1518 hebes
576 1470 667 1518 umen
691 1461 817 1535 proelium
838 1479 900 1517 eum
916 1461 979 1516 filiis
1003 1460 1143 1527 Enaehim,
1161 1460 1258 1531 quibus
1275 1477 1383 1532 eumps-

329 1589 389 1635 rstn
405 1580 501 1636 viculis
518 1580 595 1652 qussi
611 1580 724 1644 loeuets,
742 1578 845 1634 hebens
866 1578 979 1650 capitale
1003 1576 1122 1632 duellum
1140 1594 1202 1631 eum
1218 1576 1393 1648 principibu

330 1698 508 1765 tenebrarum,
522 1698 617 1754 victori
633 1696 678 1753 rel
694 1697 766 1751 viere
782 1696 918 1769 proposita
933 1703 1018 1753 morte
1031 1704 1057 1749 et
1074 1694 1137 1749 vita.
1174 1696 1237 1750 Non
1254 1702 1390 1765 resurget,

330 1829 387 1870 uon
398 1814 446 1886 qui
457 1813 590 1879 ceciderit,
602 1814 649 1869 sed
661 1814 707 1885 qui
718 1814 844 1867 cesserit:
861 1829 917 1867 nou
929 1811 1010 1867 sddet
1020 1812 1067 1883 qui
1079 1812 1216 1879 destiterit,
1226 1830 1282 1868 non
1292 1828 1385 1867 nrrsus

331 1931 441 1988 secedet
452 1899 709 2006 quielepuusuerit.
744 1930 835 1985 Primo
844 1928 952 2003 quidem
961 1931 1047 1985 vietus
1057 1931 1309 2002 estprimuehomot
1328 1930 1385 1997 sed,

332 2053 397 2124 quis
409 2016 542 2107 secundus
554 2049 774 2107 duumuiris
788 2050 865 2116 coelo,
873 2050 968 2105 hebuit
976 2026 1110 2123 jsreus‘in
1122 2048 1288 2122 sterquilinio
1299 2048 1388 2105 suble·

333 2178 488 2224 ventemse.
523 2170 621 2224 Denuo
629 2169 929 2223 nutemsisueeubuerit
939 2169 1138 2233 contumaciter,
1146 2183 1203 2222 non
1212 2168 1387 2240 reperebitur,

333 2284 397 2356 quis
407 2257 478 2339 nlius
488 2283 614 2356 deinreps
625 2300 679 2340 uon
690 2283 861 2355 generabitur
873 2300 907 2337 ex
921 2282 1026 2354 virgine
1044 2282 1097 2337 Dei
1111 2282 1192 2338 filius.
1227 2284 1387 2339 Voluntarie

333 2400 406 2484 enim
416 2400 588 2473 precanuius
597 2417 653 2457 non
663 2399 916 2473 relinquiturhostin
924 2401 1104 2473 properentis.
1140 2400 1388 2474 Instsuriusitnque

335 2520 471 2592 agendum
492 2521 522 2577 in
540 2520 669 2592 praesenti
687 2519 783 2585 stadio,
796 2535 831 2575 ne
855 2535 999 2591 urgeamur
1018 2520 1113 2585 redire,
1134 2537 1217 2591 quum
1239 2519 1338 2575 inclusi
1359 2520 1389 2573 in

334 2647 425 2695 monte
436 2639 533 2694 iterum
544 2654 599 2693 nou
616 2637 733 2692 sinemur
750 2637 869 2691 tunicam
883 2636 996 2691 oblitam
1010 2644 1138 2708 repetere.
1174 2636 1305 2693 Tunicam
1317 2638 1390 2693 enim

335 2723 502 2828 poenitende
515 2756 564 2826 qui
574 2756 725 2827 neglexerit
741 2756 906 2825 incorpore,
926 2756 1151 2827 opportunitatem
1167 2756 1270 2813 nullum
1280 2756 1391 2812 habebit

335 2882 396 2947 post
406 2873 548 2928 transitum
557 2872 630 2927 vitae.

370 2994 451 3081 Erre,
464 2993 566 3058 domini
578 3001 606 3048 et
616 2993 696 3047 nmini
707 2992 760 3047 mei
772 2991 909 3059 carissimi,
918 2994 1008 3048 stetim
1016 3000 1047 3047 ut
1061 2993 1117 3049 vidi
1126 2993 1252 3065 angelum
1263 3000 1390 3059 restrum,

336 3113 442 3168 cucurri
453 3111 488 3167 nd
504 3120 655 3167 armentum
672 3128 735 3166 eum
751 3111 900 3177 Abraham,
913 3112 1006 3166 voesvi
1025 3112 1119 3165 Seram
1134 3111 1270 3167 meruerim
1289 3119 1317 3165 et
1327 3128 1392 3183 pue-

263 3242 266 3247 ·
336 3247 398 3285 rum
414 3228 510 3293 cordis,
529 3235 556 3281 et
572 3228 667 3281 miscui
682 3226 759 3281 robis
776 3226 901 3293 farinam,
920 3234 952 3284 ut
968 3228 1085 3282 facerem
1105 3227 1325 3285 succinericium:
1343 3228 1391 3283 hs-

336 3345 405 3401 betis
413 3346 502 3415 iisque
514 3341 632 3397 cilicium
643 3349 776 3409 vestrum
795 3342 899 3399 hebetis
910 3350 936 3397 et
947 3343 1145 3398 eueeiueritium
1157 3353 1286 3399 nostrum.
1323 3348 1392 3401 Coo-

337 3470 464 3536 permitur
482 3441 542 3517 hsee
559 3460 613 3517 duo
628 3460 665 3516 nd
685 3460 878 3516 extrahendum
896 3463 1001 3535 peceati
1018 3462 1178 3535 rubiginem,
1191 3462 1226 3520 sd
1247 3462 1391 3521 delendam

338 3581 511 3656 pruriginem,
526 3580 562 3636 nd
572 3581 764 3654 extergendam
775 3580 920 3637 sorditiem.
957 3581 1062 3637 idcireo
1075 3599 1140 3637 esne
1155 3590 1182 3637 et
1196 3591 1290 3639 seneen
1303 3585 1393 3655 potuit

339 3701 468 3756 veraciter
479 3698 630 3755 exclsmure
641 3698 815 3764 eonseientia,
828 3716 894 3755 vssn
904 3716 1048 3771 puerorum
1059 3699 1161 3755 munda
1173 3718 1239 3755 esse.
1283 3700 1393 3773 Ogem·

339 3832 385 3871 mn
397 3814 586 3888 pretiosissime
603 3819 632 3869 et
647 3798 860 3885 proeelnrissims,
880 3834 929 3888 pro
951 3833 1005 3886 qus
1023 3817 1046 3871 si
1065 3816 1168 3872 dederit
1184 3817 1265 3872 homo
1283 3828 1392 3874 ornnem

341 3932 519 3989 substantium
531 3929 626 3985 domus
638 3948 703 3997 suae,
716 3939 808 3987 tumen
821 3933 888 3988 nihil
900 3935 1038 3989 estimetur
1053 3936 1082 3989 in
1099 3937 1296 4009 comparatione
1310 3937 1391 3993 illius.

341 4051 455 4110 Detineo
466 4056 559 4127 esurie
569 4048 659 4116 eorde,
670 4049 786 4109 mundes
801 4051 900 4119 oeulos,
914 4068 994 4125 purus
1005 4068 1109 4121 munus,
1122 4053 1264 4127 plusquam
1276 4053 1389 4111 debeam
