3100 5192
797 624 831 675 G.
851 623 971 676 Anseris

862 902 905 955 27.

393 1021 457 1074 Suis
469 1039 620 1076 cssrssrurs
632 1021 668 1075 H.
688 1039 832 1077 susrasoas
849 1022 880 1075 Τ.
900 1040 932 1076 er
953 1041 991 1076 ss
1010 1022 1093 1076 (ω.
1113 1039 1218 1076 snam
1235 1023 1272 1076 G.
1292 1041 1412 1078 uuusnrs

578 1137 693 1195 Cnarsrr
707 1159 851 1209 essaenos,
871 1161 992 1196 ousian
1006 1160 1058 1197 rao
1070 1160 1180 1196 suess.

394 1261 497 1320 Quibus
509 1260 659 1331 gratiosiori
671 1260 771 1316 sifecns
789 1261 895 1319 dulcius
915 1262 1082 1333 copulamur,
1094 1262 1190 1316 iisdem
1201 1279 1255 1316 non
1275 1263 1411 1318 immerito

356 1381 467 1434 meliora
482 1388 509 1434 et
520 1381 640 1436 didciors
652 1381 799 1440 scribimus
838 1383 876 1437 Ut
887 1383 959 1438 enim
970 1383 1077 1454 dignior
1087 1384 1192 1438 animus
1203 1401 1285 1454 quarn
1305 1402 1411 1455 corpus,

355 1500 395 1556 sic
407 1501 489 1554 animi
497 1502 601 1572 potiora
612 1510 674 1558 sunt
684 1503 755 1559 bona
765 1521 846 1574 qnam
858 1505 983 1575 corporis
1021 1503 1122 1560 Fidelis
1133 1522 1198 1557 nero
1209 1504 1251 1557 sui
1266 1504 1352 1575 ipsius
1370 1504 1410 1556 in-

355 1631 456 1694 terpres
477 1632 517 1677 est
540 1623 653 1678 animus.
690 1624 787 1696 Itaque
810 1604 868 1680 nos⁸
882 1625 971 1696 potius
996 1641 1060 1694 quas
1077 1623 1113 1678 ad
1132 1623 1251 1676 animum
1271 1624 1407 1694 pertinent

355 1744 468 1800 colimus
482 1763 563 1815 quam
575 1763 636 1815 quae
649 1744 683 1798 nd
696 1763 799 1816 corpus.
836 1747 907 1800 Nam
917 1747 939 1798 si
952 1745 1092 1798 denffectu
1103 1763 1158 1799 non
1167 1744 1313 1800 secundum
1327 1745 1410 1798 affec·

355 1873 412 1918 turn
424 1864 525 1930 scribis,
539 1864 633 1934 utique
645 1865 773 1917 mentiris.
811 1864 896 1936 Igitur
907 1865 1029 1929 affectis,
1043 1882 1126 1935 quum
1138 1865 1172 1918 de
1192 1883 1221 1919 se
1240 1865 1367 1935 loquitur,
1381 1884 1407 1918 se

354 1994 446 2041 etuon
458 1987 541 2040 alium
552 1986 684 2058 loquatur.
722 1987 772 2040 Est
784 1987 856 2040 enim
873 1986 1074 2060 hypocritarum
1096 1986 1184 2040 aliena
1202 1994 1331 2057 tanquam
1351 2005 1405 2050 suo,

355 2116 541 2179 matanquam
560 2107 648 2162 aliena
668 2107 764 2161 dicere.
802 2106 983 2160 Nihilominus
1005 2113 1034 2159 et
1053 2105 1237 2159 simulatorum
1257 2114 1298 2160 est
1318 2124 1404 2177 neque

351 2227 505 2298 simpliciter
517 2226 636 2296 diligere,
645 2243 732 2295 nequa
739 2227 870 2280 veraciter
880 2226 915 2278 ad
927 2226 1107 2296 amicosloqui
1116 2226 1159 2278 vel
1166 2226 1289 2280 scribere.
1308 2227 1405 2286 Quam·

353 2347 445 2402 obrem
457 2346 486 2400 in
499 2345 603 2400 Christo
616 2345 680 2398 etin
694 2345 859 2398 conscientia
871 2363 935 2398 vera
946 2346 1094 2416 pronuncio
1107 2346 1179 2415 quod
1198 2364 1263 2417 erga
1283 2365 1343 2400 mea
1355 2347 1408 2400 sin-

353 2467 480 2522 ceriorem
499 2474 526 2521 et
551 2465 653 2538 piorem
679 2466 801 2520 habeatis
828 2465 955 2522 affectum
984 2474 1016 2520 ut
1044 2467 1125 2523 credo
1154 2486 1236 2538 quam
1261 2486 1312 2539 ego
1341 2469 1405 2538 ipse.

352 2587 423 2644 Nam
436 2607 489 2660 quo
500 2590 638 2661 purgatior
651 2596 690 2642 est
701 2589 729 2643 in
740 2588 818 2642 nobis
826 2589 918 2641 oculus
927 2589 1031 2652 mentis,
1041 2605 1073 2641 eo
1091 2588 1271 2658 perspicacior
1278 2595 1317 2642 est
1326 2588 1404 2641 etiam

352 2711 381 2763 in
393 2709 485 2763 amicis
497 2708 648 2779 diligendis,
662 2717 689 2761 et
697 2727 749 2778 quo
764 2708 911 2779 expeditior
923 2709 1036 2762 edolare
1044 2708 1198 2773 vivendum,
1212 2727 1243 2761 eo
1254 2708 1363 2762 liberior
1374 2725 1405 2760 ac

348 2827 444 2898 justior
456 2825 491 2878 ad
503 2826 537 2879 de
549 2826 621 2879 omni
634 2843 714 2878 causa
736 2825 943 2881 decernendum.
980 2827 1151 2880 solummodo
1164 2825 1250 2896 siquid
1267 2844 1407 2895 corporum

351 2948 450 3002 nebula
461 2949 557 3014 obstat,
570 2967 604 3002 ne
617 2967 645 3002 se
658 2948 773 3002 vicissim
781 2966 856 3001 meus
865 2957 892 3001 et
899 2956 986 3001 vester
996 2949 1103 3019 spiritus
1111 2947 1221 3001 sublatis
1230 2945 1406 3016 impedimen-

349 3071 384 3125 tis
411 3071 481 3125 clare
500 3071 617 3136 videant,
637 3078 665 3124 at
688 3079 786 3135 tamen,
807 3071 877 3123 utin
894 3089 1002 3141 corpore
1020 3071 1126 3124 mortali
1144 3070 1305 3124 immortalia
1324 3069 1404 3123 corda

350 3199 377 3245 et
389 3191 424 3243 ad
436 3208 463 3242 sa
475 3207 523 3260 per
535 3207 651 3244 amorem
664 3191 791 3244 accedere
804 3200 830 3244 et
842 3211 900 3246 sese
912 3211 960 3262 per
971 3199 1064 3245 mutua
1076 3191 1206 3245 desideria
1218 3198 1330 3261 possunt
1342 3206 1405 3242 con-

347 3309 460 3379 tingere,
475 3308 513 3362 sic
525 3308 605 3360 unica
617 3318 644 3361 et
655 3310 762 3379 speciali
776 3309 918 3363 dilectione
931 3309 1085 3380 quotidiano
1098 3327 1208 3363 recursu
1226 3327 1242 3363 a
1261 3309 1315 3362 suis
1335 3327 1404 3363 conr·

348 3438 440 3484 meant
450 3430 610 3501 regionibus,
624 3437 755 3500 quatenus
767 3429 846 3482 datur
858 3430 893 3482 ad
906 3448 935 3482 se
946 3430 1100 3483 salutandos
1112 3438 1139 3484 et
1150 3430 1308 3483 oscidandos
1323 3430 1404 3484 affec-

352 3561 395 3607 tus
406 3551 497 3606 nostri.
514 3553 622 3612 Quoties
641 3552 713 3606 enim
725 3571 770 3606 vos
791 3553 917 3623 recogito,
931 3553 1008 3606 toties
1027 3552 1140 3623 pedibus
1162 3552 1244 3606 animi
1256 3570 1304 3605 vos
1326 3552 1400 3605 adeo.

348 3675 451 3746 Itaque,
464 3675 559 3728 iratres
572 3674 699 3728 carissimi
712 3682 739 3726 et
749 3673 974 3736 desideratissimi,
988 3680 1090 3726 vestras
1103 3673 1297 3726 consolationes
1309 3680 1336 3724 et
1347 3672 1403 3724 siti-

347 3800 424 3845 enter
433 3791 537 3861 suscepi
546 3798 573 3842 et
581 3790 703 3843 ardenter
711 3791 848 3860 perlegiet
856 3781 980 3845 velociter
990 3792 1134 3863 complevi3
1149 3800 1176 3844 et
1182 3790 1312 3844 attendite
1321 3790 1401 3843 etiam

345 3912 375 3964 in
387 3910 429 3964 his
436 3928 516 3981 quam
526 3911 594 3963 bene
604 3909 762 3976 cohaereant,
777 3929 857 3981 quam
867 3912 985 3982 perfecte
993 3913 1044 3965 sibi
1055 3914 1222 3966 consentiant
1230 3912 1399 3966 conscientia

346 4039 455 4086 nostrae.
491 4029 605 4090 Quando
617 4030 688 4083 enim
710 4030 842 4083 scribebat
862 4030 980 4085 dictante
1001 4032 1089 4086 animo
1111 4033 1211 4102 digitus
1230 4040 1325 4096 vester,
1342 4032 1399 4100 jam

348 4154 480 4226 cogitabat
493 4153 595 4208 animus
607 4160 696 4206 noster
709 4159 735 4203 et
747 4151 818 4220 quod
831 4151 963 4206 scribebat
975 4152 1075 4222 digitus
1087 4153 1138 4206 hoc
1155 4153 1272 4222 elegerat
1283 4152 1397 4206 animus.
