3100 5192
530 484 688 538 Drnvansrs
706 497 853 537 sermome.
1184 484 1233 534 tol

183 642 250 695 dum
261 641 347 694 oculis
358 640 573 695 dormitationem
589 639 731 705 indulsisti,
744 640 809 691 dum
829 654 939 691 manum
958 637 993 691 ad
1008 638 1160 709 pharetram
1179 654 1235 697 non

183 761 328 827 adduxisti,
341 777 441 831 magna
451 760 583 833 majorum
594 760 730 814 celeritate
742 760 884 813 verborum
897 758 1013 825 silebam
1033 758 1235 829 perspicacitate

184 880 286 951 ingenii
297 898 352 934 non
364 880 541 951 adaquabar3
559 880 720 952 locupletem
731 897 774 933 me
792 880 904 933 sciemia
918 879 1107 951 scripturarum
1126 879 1236 933 arbitra·

182 1001 240 1055 bar.
276 1001 316 1055 At
327 1016 398 1065 vero,
405 1002 451 1055 ubi
461 1001 574 1072 figurate
583 1001 690 1074 coepisti
700 1002 817 1055 tonitrus
825 1001 1017 1055 sententiarum
1027 999 1139 1066 vibrare,
1144 999 1236 1094 jacula

184 1129 400 1191 argumentorum
410 1121 510 1192 pluere,
518 1122 619 1175 monita
630 1122 749 1176 dulcium
760 1121 978 1177 exhortationum
990 1120 1129 1185 seminare,
1136 1118 1237 1175 tardior

179 1237 282 1310 lingue,
301 1257 381 1293 sensu
397 1241 546 1312 pauperior,
564 1242 634 1313 stylo
651 1242 775 1297 rusticior
792 1242 916 1296 inventus
934 1258 1005 1296 eum.
1053 1240 1140 1294 Video
1154 1238 1236 1309 igitur

182 1378 271 1415 meam
287 1368 471 1432 paupertatem
487 1359 636 1428 mantem,
649 1378 705 1415 non
723 1362 883 1433 migrantem
900 1360 928 1415 in
946 1360 1138 1415 obtundentium
1153 1367 1236 1423 osmi,

183 1480 371 1551 suspicientem
394 1497 449 1533 non
472 1480 663 1552 suscipientem
680 1481 820 1535 scientiam
837 1486 928 1537 tuam:
959 1480 1109 1535 confortata
1126 1488 1167 1533 est
1184 1494 1236 1533 neo

185 1616 294 1670 meum
306 1599 341 1653 ad
352 1617 420 1654 mm.
450 1600 559 1659 Quanta
570 1600 642 1654 euim
652 1608 732 1671 putas
738 1600 928 1672 profunditate,
941 1599 1063 1671 caligine,
1077 1598 1237 1653 obcuritate

180 1717 340 1771 recondatur
354 1736 451 1789 eorpus
462 1726 503 1773 est
513 1719 609 1773 vivens
621 1719 713 1774 anima
725 1720 796 1775 riva.
833 1720 907 1774 Deus
919 1720 976 1774 vita
983 1719 1074 1773 ¹Deum
1085 1718 1197 1790 abyssus
1208 1734 1234 1771 a.

185 1838 300 1893 invocet
353 1837 724 1919 Viveusinquitexvanitate,
732 1836 1235 1911 virumexsimplicitats,vivaeruni-

187 1963 252 2009 tate.
277 1956 341 2022 Hic,
348 1957 392 2012 hic
401 1958 529 2024 tenebra,
538 1958 676 2013 nubilosus
685 1977 731 2013 aer
737 1960 766 2013 iu
773 1960 892 2014 meridie.
917 1960 970 2013 Sed
978 1978 1039 2031 quse
1047 1960 1127 2031 culpa
1133 1958 1204 2023 solis,
1214 1957 1237 2011 ai

186 2092 241 2129 non
248 2076 385 2129 illuminor
393 2074 517 2129 obductis
525 2076 627 2129 oculist
638 2077 663 2129 0
671 2076 782 2147 dignum
791 2078 914 2149 (fortasse
921 2077 1022 2149 inquis)
1031 2078 1087 2131 risu
1092 2077 1239 2143 bominem,

187 2197 232 2267 qui
245 2197 317 2250 diem
328 2204 443 2263 nocuus,
455 2197 578 2251 umbram
588 2198 686 2264 lucem,
694 2199 819 2253 tenebras
831 2207 952 2253 autumat
962 2198 1060 2254 soleml
1079 2199 1175 2271 Neque
1188 2199 1240 2266 (in-

188 2320 281 2388 quam)
296 2315 388 2383 solem,
402 2333 489 2388 neque
501 2315 581 2383 diem,
593 2335 682 2388 neque
692 2317 790 2385 lucem,
802 2318 850 2373 sed
866 2319 947 2391 plane
965 2318 1126 2392 palpabilem
1144 2319 1239 2375 obscu-

187 2434 303 2487 ritatem.
339 2435 430 2495 Quum
442 2434 514 2488 enim
530 2452 626 2506 corpus
641 2436 676 2489 ab
692 2436 790 2501 amma,
810 2438 927 2491 animam
943 2455 959 2491 a
977 2437 1043 2515 Qec,
1056 2437 1144 2493 Deum
1156 2438 1240 2513 vitam

182 2551 286 2605 habere
298 2570 315 2605 a
325 2561 410 2607 semet
421 2553 480 2624 ipso
490 2553 707 2623 irrefragabiliter
718 2552 850 2620 credatur,
864 2572 961 2620 nonne,
981 2554 1030 2608 etsi
1047 2555 1180 2621 rusticius,
1201 2562 1241 2609 ts·

188 2688 251 2723 men
263 2679 290 2725 et
301 2671 390 2725 verius
402 2671 541 2737 diceretur,
552 2690 647 2743 corpus
661 2671 826 2726 vivificatum
838 2673 872 2726 ab
884 2673 983 2740 anima,
993 2674 1109 2729 animam
1122 2676 1241 2729 vivitica-

188 2798 245 2843 tam
256 2808 273 2844 a
283 2791 342 2844 Deo
355 2800 382 2845 et
390 2791 571 2847 vivificantem
588 2811 692 2864 corpus,
711 2794 801 2848 Deum
817 2795 907 2849 omnia
923 2796 1041 2851 viventia
1057 2796 1241 2852 vivificantem

187 2909 218 2962 in
230 2928 266 2975 se,
280 2918 353 2964 etex
365 2930 393 2965 se
404 2912 497 2965 vivum
509 2919 536 2965 et
547 2913 701 2967 viventem?
729 2913 784 2967 Sed
795 2932 901 2969 rursum
913 2914 978 2986 quid
989 2923 1029 2969 est
1040 2932 1136 2986 corpus
1150 2916 1243 2971 vivens

189 3046 225 3083 ex
236 3029 371 3083 vanitatel
389 3030 499 3100 Corpus,
512 3030 601 3101 inquit
612 3031 766 3102 Apostolus,
775 3040 911 3085 mortuum
922 3040 963 3085 est
973 3040 1081 3103 propter
1091 3041 1241 3104 peccatum.

190 3149 263 3209 Quid
274 3165 338 3219 ergo
350 3149 484 3219 apostolum
496 3158 631 3231 mortuum
642 3158 722 3205 vocat
732 3159 840 3223 propter
856 3158 1004 3223 peccatum,
1017 3159 1050 3206 tu
1066 3152 1159 3207 vivens
1177 3153 1244 3211 dicis

190 3288 226 3325 ex
237 3269 371 3323 vanitate:
390 3286 426 3323 au
437 3287 492 3323 non
504 3270 608 3325 vanitas
619 3273 778 3343 peccatum?
797 3274 842 3325 An
855 3271 927 3326 idern
939 3273 1053 3346 simplici
1065 3290 1157 3328 senme
1165 3274 1244 3329 intel·

190 3390 263 3443 lectu
280 3398 406 3461 operatur
421 3399 536 3445 mortem
553 3400 581 3446 et
599 3394 699 3447 vitam?
723 3393 788 3447 Odit
807 3394 881 3449 Dens
898 3395 1071 3449 observantes
1086 3397 1241 3453 vanitatem.

193 3508 308 3563 Dilectio
319 3518 409 3564 autem
422 3510 475 3563 Dei
485 3510 619 3564 vivificat:
638 3511 730 3566 odium
741 3512 892 3566 mortificat.
929 3514 993 3566 Non
1005 3531 1068 3585 ergo
1085 3523 1125 3569 est
1142 3516 1244 3588 aliquid

191 3628 288 3681 vivens
299 3646 334 3681 ex
349 3628 477 3694 vanitate,
491 3629 539 3682 sed
559 3647 593 3683 ex
610 3629 728 3683 veritate.
765 3631 846 3691 Quod
861 3632 963 3686 factum
981 3640 1021 3687 est
1037 3632 1065 3687 in
1084 3634 1140 3700 illo,
1158 3635 1244 3690 idest

193 3748 274 3801 verbo
286 3748 412 3814 veritatis,
423 3749 481 3802 vite
492 3757 557 3803 erat.
594 3750 628 3802 ln
641 3768 669 3804 se
681 3758 709 3804 et
718 3768 767 3821 per
784 3768 813 3805 sa
827 3753 947 3824 profecto
965 3761 1086 3808 creatura
1103 3755 1178 3810 nulla
1193 3765 1245 3811 ter·

190 3867 280 3920 restris
297 3866 341 3921 vel
359 3868 554 3940 supercoelestia
569 3869 626 3922 vita
643 3878 690 3935 est,
705 3888 788 3941 quum
807 3873 836 3926 in
851 3873 898 3925 illo
915 3874 1051 3940 universa,
1069 3875 1125 3930 sive
1140 3877 1242 3943 vivens,

191 3986 247 4039 sive
259 3985 315 4038 vita
327 4003 428 4052 carens,
441 3986 523 4039 vitam
537 4005 613 4040 suam
630 3988 756 4043 habeant.
794 3990 880 4045 Addis
895 3992 995 4059 vivum,
1012 3994 1041 4047 id
1059 4003 1100 4049 est
1115 3996 1243 4060 animum,

193 4123 227 4157 ex
245 4104 423 4176 simplicitate,
443 4106 533 4172 vitam,
552 4107 580 4160 id
598 4115 638 4161 est
656 4108 753 4231 Deprp,
779 4126 813 4163 ex
836 4111 947 4165 unitate.
994 4112 1056 4168 Istis
1078 4132 1132 4169 uon
1155 4116 1193 4170 sic
1217 4116 1245 4169 in
