3100 5192
605 580 632 617 a.
652 580 765 618 ananrrs
1197 562 1231 611 53

172 751 225 788 one
243 731 348 786 studere
358 730 499 784 verborum
512 727 625 782 elimatis
643 727 827 799 splendoribus
854 725 992 797 exquisitis
1009 723 1141 796 phaleris?
1159 724 1233 785 Quin

173 859 255 911 immo
270 857 349 928 juxta
356 854 486 908 viscerum
505 852 712 906 commotionem
726 851 855 922 lugubria,
874 858 906 904 ut
917 850 954 903 sic
966 849 1063 913 dicam,
1082 856 1108 902 et
1128 848 1231 901 fumoso

172 995 293 1032 sermone
305 975 435 1030 afflictum
446 979 598 1046 representa
607 973 733 1026 animum.
770 971 813 1023 Mi
826 970 968 1035 carissime,
979 987 1055 1023 curro
1068 977 1094 1022 et
1109 968 1227 1022 discurro

174 1097 251 1169 quasi
266 1095 532 1168 vagusletprofugua,
542 1093 565 1148 si
576 1093 644 1147 iorte
654 1093 784 1164 dispersos
793 1093 894 1146 cinerea
905 1108 923 1144 a
934 1098 1047 1161 quatuor
1063 1089 1149 1144 ventis
1166 1089 1228 1142 coeli

175 1218 328 1288 recolligere
339 1216 445 1288 possim.
482 1215 555 1269 Hinc
567 1221 607 1268 est
616 1213 687 1284 quod
695 1230 749 1266 non
762 1211 862 1266 cineres
870 1211 921 1266 aed
931 1212 1021 1282 fruges
1032 1209 1166 1282 pretiosas,
1181 1211 1228 1262 eti-

175 1355 220 1392 am
238 1337 285 1390 ubi
303 1353 357 1390 non
378 1334 513 1400 seminavi,
532 1333 655 1388 videlicet
672 1332 705 1387 de
724 1334 832 1404 Anglia,
852 1340 951 1386 metere
968 1332 1038 1386 volo.
1078 1330 1230 1401 Manipulos

176 1459 247 1514 enim
265 1459 490 1530 eleemosynarum
508 1457 595 1529 gentis
612 1457 683 1512 illius
707 1465 737 1510 ut
755 1464 839 1510 metat
855 1456 948 1508 beatus
966 1438 1091 1524 Aigulius
1109 1454 1227 1524 injungo.

174 1579 249 1639 Quid
260 1597 320 1632 mea
330 1577 439 1631 interest
450 1578 546 1631 falcem
561 1577 707 1642 intendere,
725 1577 772 1630 ubi
789 1593 927 1646 nunquam
944 1574 988 1628 vel
1005 1591 1079 1627 arare
1097 1573 1171 1642 potui
1188 1573 1230 1624 vel

178 1699 326 1754 seminare?
352 1698 405 1751 Sed
415 1715 471 1752 non
481 1714 673 1768 usquequaque
686 1695 831 1750 absurdum
843 1695 915 1767 quod
926 1694 1013 1748 iacere
1025 1711 1153 1766 propono,
1167 1693 1231 1763 quia

176 1823 226 1876 etsi
237 1822 419 1876 terramillam
433 1838 488 1876 non
501 1820 578 1886 colui,
592 1828 618 1874 te
633 1828 723 1874 tamen
736 1820 813 1892 quasi
824 1820 939 1873 areolam
957 1820 1081 1874 aromatis
1098 1837 1146 1890 pro
1164 1828 1230 1872 tem·

175 1959 241 2013 pore
254 1941 360 1996 consevi
370 1941 446 1994 bonis
454 1941 592 2012 speciebus
602 1958 684 2011 quum
697 1957 802 1994 mecum
813 1939 894 2005 fuisti,
909 1957 991 2009 quum
999 1947 1087 1993 tecum
1099 1939 1225 2002 habitavi,

177 2081 262 2133 quum
281 2069 308 2114 et
330 2063 425 2125 amavi,
445 2078 527 2131 quum
545 2068 571 2114 te
589 2061 701 2114 retinere
724 2061 865 2131 promerui
903 2060 927 2111 0
950 2061 1019 2113 bone
1044 2061 1126 2124 Deua,
1148 2078 1229 2130 quam

175 2182 291 2238 feliciter
302 2189 456 2253 prosperata
467 2189 507 2236 eat
517 2181 588 2235 bona
599 2180 650 2234 iata
668 2197 737 2246 area,
756 2181 839 2234 immo
855 2181 1030 2252 pinguissima
1056 2180 1141 2233 oliva!
1174 2198 1227 2250 quo

177 2303 258 2357 modo
270 2319 375 2356 sursum
392 2301 551 2373 genniuavit
574 2309 601 2355 et
624 2300 741 2356 radicem
766 2301 889 2354 deorsum
906 2301 985 2366 misit,
997 2300 1130 2372 quomodo
1138 2318 1228 2354 ramos

175 2442 238 2478 suos
248 2423 384 2495 expandit,
403 2422 536 2494 quomodo
544 2424 603 2495 ,iam
617 2422 760 2494 'replentur
770 2423 888 2478 famelici
900 2424 933 2478 de
945 2424 1034 2476 fructu
1050 2423 1227 2495 propaginum

182 2546 254 2617 ejus!
282 2543 396 2597 Gustavi
408 2551 434 2596 et
445 2541 501 2596 vidi
514 2541 577 2613 quia
587 2543 660 2595 bona
671 2550 710 2596 est
721 2542 857 2613 pinguedo
866 2542 923 2613 ejus
932 2549 959 2594 et
974 2542 1078 2595 fructus
1097 2543 1154 2612 ejus
1172 2541 1230 2593 dul-

182 2664 220 2717 cis
232 2663 332 2734 gutturi
343 2680 411 2718 meo.
447 2662 510 2716 Non
522 2669 561 2715 est
573 2678 700 2715 conversa
706 2662 734 2715 in
741 2660 944 2714 amaritudinem
958 2660 1130 2714 vitisalienae.
1167 2660 1183 2712 J
1185 2677 1229 2712 am

181 2785 209 2837 in
221 2784 315 2836 umbra
327 2783 383 2853 ejus
395 2797 476 2852 quam
485 2781 694 2835 desideraveram
702 2781 789 2847 sedeo,
796 2782 852 2853 jam
862 2781 1018 2848 umbracula
1034 2782 1090 2852 ejus
1106 2781 1139 2833 ab
1156 2789 1230 2844 aestu,

184 2923 200 2957 a
211 2903 314 2956 turbine
327 2909 353 2956 et
364 2900 481 2974 apluvia
492 2919 535 2955 me
544 2901 686 2955 defendere
699 2901 843 2955 sufficiunt
880 2870 945 2955 Dies
956 2902 1003 2954 illa
1023 2901 1057 2954 sit
1072 2902 1212 2955 benedicta
1223 2922 1230 2966 ς

180 3025 247 3078 hora
263 3041 400 3094 nunquam
416 3030 581 3095 pertranseat
600 3039 661 3075 cum
672 3022 779 3076 defectu
790 3022 925 3092 temporis,
934 3040 987 3092 qua
996 3023 1012 3074 J
1015 3040 1128 3076 oannem
1144 3040 1233 3075 meum

180 3147 241 3211 ieci,
254 3163 307 3216 qua
318 3146 398 3200 talem
411 3153 438 3198 et
448 3151 552 3198 tantum
565 3142 680 3196 amicum
691 3142 719 3194 in
731 3141 793 3194 filiis
804 3141 943 3196 hominum
953 3141 1125 3211 apprehendi.
1160 3141 1228 3205 Tibi,

183 3269 265 3334 Deus,
279 3276 365 3322 custos
378 3269 474 3322 animae
486 3285 562 3332 meae,
576 3266 626 3319 tibi
642 3265 799 3320 commendo
814 3265 899 3329 illum,
917 3272 946 3317 tu
964 3264 988 3317 ei
997 3264 1084 3330 vitam,
1098 3266 1234 3318 tubonanr

180 3389 274 3454 vitam,
288 3395 317 3440 tu
328 3388 531 3459 prosperitatem
550 3385 648 3441 dones:
675 3393 704 3440 tu
715 3387 785 3440 inter
804 3387 915 3441 brachia
932 3396 985 3453 tua,
1006 3396 1036 3440 tu
1066 3389 1114 3441 sub
1135 3389 1230 3441 umbra

186 3508 288 3560 alarum
298 3515 403 3561 tuarum
415 3525 518 3578 semper
526 3507 600 3561 illum
614 3525 759 3562 conserves.
780 3509 852 3568 Quid
864 3508 934 3560 enim
946 3508 1041 3560 melius
1054 3509 1139 3578 optari
1151 3517 1237 3579 potest

188 3629 293 3682 amico?
333 3629 371 3681 Ut
396 3628 463 3682 nihil
493 3627 565 3682 aliud
594 3644 720 3698 quaeram,
745 3626 789 3679 vel
816 3626 881 3677 mihi
907 3626 948 3678 vel
976 3628 1066 3679 amicis
1096 3627 1170 3691 meis,
1196 3629 1238 3680 isti

186 3770 253 3821 quos
265 3769 336 3805 nunc
348 3752 448 3823 aspicio
460 3752 560 3806 cinerea
572 3760 688 3805 monent.
726 3750 808 3804 Retro
824 3751 963 3822 paululum
978 3752 1120 3823 laquearia,
1136 3753 1232 3816 trabes,

190 3879 285 3942 postes,
307 3880 334 3926 et
350 3872 425 3944 ligna
441 3874 549 3927 robusta
565 3871 711 3942 erantqui
727 3870 806 3926 modo
821 3871 909 3943 pulvis
931 3872 1101 3926 ternriaaimua
1118 3882 1144 3927 et
1167 3873 1232 3927 cinis

187 3991 329 4046 vilissimus
342 4002 389 4048 est.
426 3995 450 4046 0
463 3992 561 4048 munde
571 4002 617 4047 aut
627 4011 676 4056 res,
685 3993 814 4047 mundare
826 3994 890 4064 quid
902 3995 958 4047 eat?
977 3994 1071 4060 Immo,
1084 4012 1162 4065 quam
1171 4011 1237 4047 vane

184 4134 235 4173 aras
246 4116 383 4188 decipitis!
404 4119 479 4173 Certe
492 4135 545 4172 non
558 4119 627 4182 estis,
642 4118 713 4189 quod
726 4136 784 4171 esse
795 4119 930 4172 videmini.
950 4120 1026 4171 Certe
1038 4120 1066 4172 in
1087 4120 1161 4172 vobis
1178 4117 1235 4170 vid-

184 4236 426 4318 aturpulchritudo
438 4238 534 4318 aliqua,
546 4237 658 4292 dulcedo
667 4244 693 4289 et
704 4237 812 4303 utilitas,
826 4238 996 4303 sedveritate
1008 4237 1143 4314 requisita,
1156 4253 1243 4309 neque
