3100 5192
538 535 687 572 pervasere
704 516 851 576 armona.
1078 507 1085 520 ⁹
1183 521 1219 594 (ab

158 673 265 728 ruboris
277 671 446 736 verecundia,
456 671 538 725 immo
552 691 600 744 pro
611 671 730 725 veritatis
743 670 913 735 conscientie,
927 687 989 740 quse
1002 668 1164 723 admonebat
1176 686 1219 722 me

165 810 223 848 non
237 811 293 847 erse
306 792 382 845 illum
394 790 426 845 de
440 809 492 862 qno
504 792 569 846 talia
581 791 751 848 dicebantur:
777 791 855 861 nugi,
868 790 974 854 recessi,
992 789 1039 844 sed
1055 807 1111 842 non
1128 789 1218 861 longe,

164 917 229 988 quia
240 918 342 988 majora
352 916 408 986 pati
419 917 532 985 cogebar
543 915 652 968 instanti
663 915 830 969 necessitate.
877 913 1044 969 Necessitate
1054 929 1148 966 revera
1162 912 1219 982 pul·

160 1035 228 1086 lium
241 1035 430 1088 erubescentiae
443 1033 490 1086 illo
501 1041 621 1105 tempore
633 1033 721 1105 rejeci,
736 1049 819 1102 quum
829 1031 976 1089 amicorum
987 1030 1057 1084 fores
1068 1039 1100 1084 ut
1115 1030 1220 1102 accipe·

155 1169 223 1207 ‘rem
235 1154 342 1206 intravi.
379 1154 456 1207 Certe
466 1153 559 1225 accepi
571 1171 587 1206 a
599 1152 689 1205 multis
699 1152 791 1216 multa,
806 1152 853 1204 sed
869 1169 885 1204 a
903 1151 976 1204 nullo
993 1157 1069 1204 tanta
1086 1158 1219 1221 quantae
1283 1148 1287 1156 ’

160 1273 269 1326 domino
289 1290 357 1326 meo.
394 1272 468 1326 Vicit
482 1280 569 1336 notos,
581 1272 646 1326 vicit
664 1272 729 1326 alios
746 1271 854 1335 amicos,
873 1270 939 1327 vicit
956 1289 1048 1325 omnes
1064 1270 1179 1335 vicinos,
1192 1277 1220 1334 et

158 1408 263 1444 summa
275 1390 339 1444 doni
352 1399 378 1444 et
390 1391 486 1444 modus
498 1389 624 1444 donandi.
662 1391 724 1444 Nou
736 1408 796 1444 snm
806 1390 942 1460 loquutus,
955 1391 1002 1444 sed
1014 1391 1078 1461 quia
1086 1390 1158 1470 veni,
1171 1407 1218 1460 op·

159 1510 224 1562 time
245 1510 344 1563 recessi
361 1510 473 1564 locatus.
509 1511 572 1562 Non
592 1510 662 1562 enim
682 1509 843 1566 benefitium
860 1509 989 1579 rogando,
1009 1509 1057 1562 sed
1074 1509 1214 1572 venienda.

160 1629 295 1682 Praevenit
307 1629 441 1700 spondens
450 1629 543 1698 lingna
554 1628 674 1698 linguam
684 1629 811 1699 rogantis.
868 1628 990 1700 Pepercit
998 1628 1073 1698 regia
1085 1627 1213 1685 nobilitas

156 1747 329 1802 teneritudini
341 1749 436 1802 frontis
448 1749 501 1802 cito
513 1766 541 1802 se
550 1749 578 1802 in
587 1749 711 1802 ruborem
721 1749 890 1803 verecundiae
900 1749 1107 1819 conspergentis.
1144 1747 1213 1814 Haec

158 1869 248 1922 omnic
265 1868 395 1922 beneficia
412 1877 465 1934 tua,
486 1869 609 1934 Domine,
630 1869 735 1939 signata
752 1877 816 1926 sunt
832 1870 862 1922 in
881 1869 1012 1923 thesauris
1029 1868 1104 1921 meis.
1140 1867 1213 1932 Quid

156 2005 224 2057 ergo
236 1989 380 2040 retribuam
393 1988 509 2042 Domino
519 2005 578 2040 meo
591 2006 639 2059 pro
649 1988 772 2042 omnibus
784 1988 826 2041 his
838 2005 899 2057 quae
909 1987 976 2040 mihi
993 1986 1103 2039 nitunt
1128 1984 1215 2056 Meip·

153 2121 215 2158 sum
224 2105 281 2157 sine
291 2105 386 2170 dubio,
405 2122 460 2158 non
470 2113 562 2158 contra
568 2103 654 2174 legem
663 2122 706 2158 me
715 2103 828 2157 liberum
835 2105 863 2156 in
872 2105 1025 2157 servitutem
1034 2102 1213 2168 distrahendo,

151 2226 203 2284 sed
215 2243 323 2278 servum
334 2225 459 2278 amicitiae
471 2233 524 2278 tuae
534 2225 562 2278 in
575 2225 725 2278 libertatem
739 2223 909 2280 vindicando.
946 2223 1037 2279 Potius
1049 2223 1120 2277 euim
1131 2223 1211 2296 liber:

152 2355 209 2400 tate
221 2346 273 2401 iste
283 2345 395 2416 gaudeo,
407 2345 429 2398 si
442 2362 533 2398 servus
544 2352 604 2398 tuus
615 2361 673 2396 sum
684 2360 795 2396 munere
807 2342 921 2408 amicali,
934 2359 1014 2412 quam
1025 2342 1147 2414 libertate
1158 2358 1211 2421 qna

152 2465 204 2540 sim
217 2464 319 2521 alienus
331 2465 365 2522 ab
376 2463 464 2520 officio
475 2462 610 2519 serviendi
621 2461 677 2514 tibi.

316 2895 361 2946 29.
381 2891 576 2945 MAGISTRO
596 2890 735 2946 JonNNI
757 2892 1053 2947 SARESBERI'ENSI.

108 3027 110 3032 ¹
187 3034 278 3088 Unlco
297 3055 381 3090 nureo
400 3055 448 3089 suo
467 3035 492 3088 J.
514 3055 548 3088 nn
568 3037 630 3088 Sin.
652 3055 750 3089 unicus
769 3056 834 3090 suus
853 3040 888 3091 G.
908 3057 1014 3090 unieris
1034 3056 1067 3091 ar
1087 3055 1170 3103 arer-

557 3171 615 3206 Neu
636 3173 808 3210 SALUTEM·-

869 3235 885 3260 l

186 3309 301 3362 Munere
311 3318 357 3363 tua
368 3311 582 3380 frequentissima
594 3328 647 3364 non
661 3313 747 3382 magis
761 3330 809 3366 sua
823 3311 993 3366 refricatione
1009 3313 1128 3366 animum
1143 3328 1205 3384 nos·

146 3435 219 3481 trum
235 3429 264 3481 in
283 3447 400 3482 amorem
418 3437 494 3484 tuum
512 3429 594 3484 semel
612 3438 639 3484 et
657 3449 760 3502 semper
778 3449 920 3487 accensum
937 3431 1093 3502 propensius
1111 3431 1204 3504 ardere

148 3547 260 3625 iaciunt,¹
271 3565 350 3617 qnam
360 3565 470 3602 numero
478 3557 505 3602 et
512 3550 597 3620 pretio
608 3550 703 3604 faciem
715 3568 803 3604 meam
816 3550 992 3602 confundunt.
1029 3553 1119 3610 Quum
1132 3553 1204 3612 enim

147 3663 215 3716 nihil
225 3664 358 3718 remittam
369 3673 396 3718 et
407 3666 560 3735 frequenter
572 3667 708 3737 accipiam,
718 3666 867 3720 videorant
877 3667 1050 3723 nihilhebere
1059 3668 1204 3730 autminus

146 3801 244 3836 amare.
280 3784 333 3836 Sed
343 3802 403 3854 quae
413 3786 469 3841 sine
478 3785 563 3856 pretio
572 3794 599 3840 et
610 3805 689 3857 supra
700 3804 779 3840 omne
789 3788 903 3858 pretium
912 3787 1002 3858 diligo,
1013 3787 1090 3841 novis
1098 3805 1203 3842 rursum

146 3901 276 3956 redimere
287 3921 427 3957 munerum
437 3904 626 3958 blandimentis
637 3906 804 3976 supersedeo.
840 3905 972 3960 Thomam
981 3916 1101 3961 nostrum
1118 3925 1203 3979 quan·

142 4027 277 4096 tsennque
290 4021 419 4086 instantia
430 4023 527 4093 poteris
538 4040 665 4076 revocare
678 4023 788 4076 intende
798 4043 805 4076 t
834 4024 907 4078 doles
922 4027 994 4080 enim
1005 4025 1040 4080 de
1048 4027 1125 4098 lapsu
1135 4029 1202 4098 ejus.

146 4136 198 4199 Pro
209 4139 408 4210 archiepiscopo
421 4158 526 4194 oramus
539 4149 565 4196 et
577 4141 720 4262 orabirpps.
739 4141 850 4196 Valetel
