3100 5192
332 511 366 562 32
769 507 803 559 G.
825 507 948 559 Assaria

335 662 386 715 Dei
394 660 538 733 promereri
548 678 602 715 non
612 667 706 733 potest.
729 661 833 716 Idcirco
843 662 950 733 Moyses
961 659 1039 714 solvit
1048 657 1259 712 calceamentum
1269 656 1302 712 de
1311 657 1388 728 pedi·

331 781 381 834 bus
390 779 453 846 suis,
462 798 495 834 ne
505 780 527 833 si
536 781 605 834 forts
614 780 642 834 in
651 787 723 834 terra
733 790 826 834 sancta
834 781 903 834 curis
913 779 1001 833 carnis
1013 778 1156 849 impeditus
1168 777 1332 841 consisteret,
1342 777 1382 828 fa·

334 901 402 954 ciem
411 901 439 954 in
448 899 515 953 rubo
525 898 652 952 radiantis
660 899 712 952 Dei
720 899 878 954 offenderet.
897 899 960 951 Non
967 897 1061 951 estimo
1068 897 1127 950 leve
1134 895 1306 966 dispendium
1313 893 1389 946 ilam-

332 1037 420 1074 meum
431 1017 548 1089 gladium
559 1025 640 1089 atque
650 1018 801 1072 versatilem
810 1017 884 1071 nuda
892 1034 975 1070 manu
984 1016 1107 1086 arripere,
1114 1013 1158 1068 vel
1166 1012 1245 1067 caecis
1252 1012 1392 1066 obtutibus

332 1139 468 1192 fornacem
485 1137 631 1191 iracundias
649 1137 798 1191 inconsulte
816 1136 969 1190 transsilire.
1006 1135 1118 1189 Culmen
1130 1133 1209 1206 hujus
1220 1133 1329 1186 honoris
1339 1132 1383 1185 vel

229 1273 232 1279 ·
333 1257 422 1329 potius
434 1257 521 1310 oneris
534 1264 588 1309 tam
601 1266 641 1310 est
652 1256 801 1327 pendulum
813 1256 847 1309 ad
856 1274 955 1320 casnm,
966 1273 1047 1326 quam
1056 1254 1143 1307 debile
1153 1252 1187 1307 ad
1196 1260 1312 1306 statum:
1332 1252 1387 1304 urit

333 1375 523 1439 sollicitudine,
536 1375 632 1445 pungit
643 1376 746 1442 timore,
760 1383 838 1446 urget
850 1373 1034 1445 inquietudine
1047 1374 1168 1437 fortuna;
1189 1371 1212 1424 si
1223 1371 1348 1441 utrinque
1361 1378 1388 1423 et

332 1493 452 1564 undique
465 1501 567 1547 versata
578 1494 741 1559 discutiatur,
754 1495 815 1566 plus
827 1493 948 1547 moeroris
959 1502 986 1545 et
994 1493 1082 1545 minus
1091 1491 1193 1545 laetitiae
1202 1491 1291 1544 refert.
1309 1491 1327 1544 J
1329 1491 1387 1561 ugi-

332 1621 373 1668 ter
385 1612 515 1684 siquidem
524 1611 690 1667 ratiocinatio
698 1611 868 1683 supputanda
876 1620 930 1665 tam
941 1611 1044 1681 accepti
1052 1610 1257 1680 munerisquam
1265 1609 1386 1663 solvendi
1429 1647 1431 1650 ψ

334 1731 433 1800 debiti;
462 1731 525 1785 hinc
538 1733 641 1802 equitas
649 1731 755 1804 judicis,
769 1731 844 1784 illinc
856 1730 1000 1784 difficultas
1011 1731 1140 1802 injunctae
1151 1730 1387 1784 administrationis

333 1849 482 1922 pensanda.
509 1850 1393 1923 Veniaetiamsperanda,'sinonobstiteritpuniendanegligentia.

332 1970 449 2042 Tempus
461 1971 665 2036 numerandum,
677 1988 758 2024 usura
775 1970 939 2042 replicanda,
954 1971 1060 2024 fructus
1077 1971 1251 2042 computandi
1268 1977 1295 2024 et
1310 1970 1392 2024 totius

332 2108 436 2145 summa
448 2091 651 2162 dispensationis
661 2091 819 2162 colligenda.
856 2091 884 2144 Si
894 2091 981 2144 minus
990 2092 1129 2145 inventum
1138 2090 1218 2144 fuerit
1227 2090 1317 2144 danda
1325 2098 1389 2143 ante

334 2209 474 2262 articulum
487 2227 639 2280 supremum
651 2212 766 2282 pecunia
778 2212 813 2264 ad
825 2230 953 2276 mensam,
966 2211 1138 2266 renovandus
1149 2211 1185 2265 ad
1193 2211 1390 2264 nummularios

331 2326 461 2380 virtutum
470 2327 526 2380 sive
536 2327 599 2381 fidei
612 2345 713 2381 cursus.
750 2327 844 2382 Gratia
850 2346 899 2399 pro
909 2329 1038 2398 gravitate
1048 2329 1208 2383 discriminis
1219 2329 1389 2401 imploranda

326 2445 520 2518 arbitriumpro
527 2447 921 2519 posseimplorandum,legatio
929 2420 1149 2520 excusatoriapro
1157 2449 1314 2520 impossibili
1322 2451 1383 2503 mit·

332 2566 422 2621 tenda.
459 2567 503 2621 Ex
512 2585 590 2637 aequo
600 2567 701 2622 enimsi
712 2567 746 2621 ad
755 2585 874 2639 pugnam
884 2569 1078 2638 congrediatur,
1088 2568 1164 2622 nulla
1172 2569 1343 2640 proportione
1352 2569 1387 2622 ad

329 2687 418 2740 Deum
431 2687 510 2742 homo
523 2687 602 2742 miser
614 2698 640 2742 et
651 2688 785 2743 invalidus
798 2689 931 2743 subsistet.
981 2689 1088 2743 Pondus
1100 2697 1188 2755 terrae,
1201 2690 1263 2743 coeli
1278 2689 1387 2743 infinita

332 2805 428 2877 spatia,
448 2804 605 2858 diffusiones
623 2805 691 2858 aeris
710 2811 736 2858 et
753 2806 836 2860 maris
853 2807 1030 2878 profusiones,
1049 2809 1120 2861 intra
1137 2809 1232 2879 pugilli
1249 2788 1395 2879 engratiae

329 2925 433 2980 facilius
446 2924 603 2991 coarctabis,
617 2943 698 2996 quam
710 2926 770 2980 Deo
783 2926 845 2980 coeli
862 2927 937 2998 paria
953 2927 1114 2997 respondere
1133 2929 1226 2999 possis.
1263 2929 1287 2981 0
1306 2928 1395 2982 horno

332 3044 449 3111 attende,
470 3044 533 3115 quia
557 3044 622 3098 fecit
646 3044 695 3099 tibi
712 3063 811 3116 magus
828 3045 875 3116 qui
891 3053 986 3117 potens
1005 3055 1045 3100 est
1062 3055 1089 3100 et
1106 3065 1127 3100 s.
1146 3048 1173 3101 fi.
1192 3049 1249 3119 ejus
1267 3048 1318 3101 fec.
1335 3047 1386 3101 tibi

328 3282 399 3338 Ecce
411 3283 501 3352 itaque
514 3282 606 3336 oculus
618 3283 811 3336 monachorum
818 3285 904 3337 factm
916 3302 944 3338 es
953 3285 1090 3356 speculum
1100 3293 1127 3339 et
1135 3287 1287 3358 exemplum
1298 3287 1379 3359 hujus

330 3163 404 3218 Deus
416 3171 446 3218 ut
454 3165 534 3229 Deus,
544 3171 575 3216 ut
583 3164 651 3234 pius,
660 3173 691 3216 ut
697 3164 783 3218 bonus
794 3184 801 3218 :
820 3164 949 3218 exaltavit
958 3164 1095 3232 humilem,
1107 3165 1232 3237 deposuit
1243 3175 1390 3238 potentem.

327 3401 437 3456 ordinis.
474 3401 502 3454 Si
526 3401 618 3454 oculus
640 3409 701 3456 tuus
723 3403 804 3456 fuerit
821 3403 942 3474 simplex,
961 3412 1047 3458 totum
1066 3423 1162 3478 corpus
1180 3406 1380 3472 monachorum,
1544 3392 1545 3401 ἵ

327 3521 400 3594 quod
411 3527 451 3575 est
463 3520 634 3593 congregatio
649 3521 766 3588 Domini,
779 3521 899 3576 lucidum
912 3523 969 3578 erit.
1014 3525 1041 3578 Si
1058 3534 1148 3579 autem
1164 3543 1280 3596 nequam
1292 3525 1388 3591 fuerit,

327 3644 408 3700 etiam
422 3661 519 3717 corpus
533 3645 704 3699 tenebrosum
718 3645 776 3699 erit.
822 3645 892 3700 Vide
906 3665 970 3719 ergo
985 3665 1021 3702 ue
1036 3647 1138 3714 lumen,
1161 3648 1236 3720 quod
1253 3648 1282 3702 in
1299 3656 1326 3701 te
1344 3656 1392 3714 est,
1544 3702 1545 3737 ,

325 3767 447 3821 tenebrae
460 3767 522 3820 sint.
558 3767 596 3820 Ut
608 3767 645 3820 sic
658 3766 762 3838 loquar,
775 3767 841 3820 facit
857 3767 963 3834 audere,
977 3768 1049 3838 quod
1066 3769 1228 3823 vestibulum
1246 3769 1349 3824 familia
1358 3769 1395 3828 riv
1544 3740 1545 3785 l

325 3884 387 3940 tatis
399 3892 453 3938 tuae
466 3883 610 3956 aliquando
626 3884 775 3956 penetravi,
789 3892 817 3939 et
827 3873 962 3956 religionis
974 3895 1066 3941 sancta
1078 3887 1192 3943 devotio.
