3100 5192
532 554 691 627 Dsnvrrvsrs
710 574 861 627 Errs'roma.
1183 574 1233 627 137

180 730 281 795 inveni,
297 728 415 793 adoravi,
435 737 462 782 et
480 729 563 782 tenui.
601 728 689 781 Decor
706 730 764 799 ejus
782 725 973 790 inestimabilis,
992 724 1106 778 dulcedo
1125 724 1234 777 insatia-

178 850 249 914 bilis,
267 848 372 901 claritas
390 841 592 900 inaccessibilis.
624 846 693 899 Tam
712 863 794 898 suave
811 845 885 915 loqui
902 845 935 898 de
953 844 1000 896 illa
1019 860 1098 913 quam
1118 842 1232 895 admira·

180 962 234 1016 bile
252 961 380 1031 amplecti
406 960 489 1013 illam.
535 960 580 1012 Ad
604 959 674 1013 banc
692 960 740 1028 qui
757 958 867 1022 accedit,
896 965 943 1010 aut
960 957 1005 1010 vix
1023 964 1069 1009 aut
1094 972 1233 1026 uunquam

178 1078 286 1134 recedit.
323 1078 425 1131 Oculus
438 1094 495 1131 nou
508 1077 626 1141 satiatur,
639 1094 691 1130 nec
703 1077 774 1129 anna
783 1076 884 1130 auditu.
930 1074 983 1135 Qui
995 1075 1078 1128 edunt
1091 1092 1133 1127 me
1142 1074 1230 1127 adhuc

181 1198 306 1261 emuient,
318 1198 367 1249 nc.
382 1196 451 1249 Haec
463 1196 581 1249 osculata
594 1204 635 1248 est
648 1212 692 1248 me
704 1195 794 1249 osculo
807 1195 859 1248 oris
879 1196 936 1260 sui;
956 1194 1015 1248 baec
1035 1194 1118 1264 digito
1137 1210 1233 1247 manns

180 1334 236 1368 suae
247 1324 348 1379 tenens,
362 1315 478 1368 animam
490 1332 578 1368 meam
590 1332 656 1369 voce
662 1316 770 1386 propria
782 1314 892 1379 monuit,
906 1332 940 1368 ne
961 1312 1121 1367 declinarem
1144 1313 1177 1367 ab
1192 1330 1231 1367 ea.

182 1433 346 1505 Hujusmodi
359 1442 486 1487 estractus
498 1442 525 1487 et
537 1434 663 1488 delinitus
674 1434 818 1498 blanditiis,
832 1451 867 1486 an
879 1433 989 1486 ulterius
1008 1432 1234 1503 progrediendum

182 1548 217 1601 sit
239 1548 350 1601 haesito:
369 1549 470 1601 bonum
492 1549 564 1601 enim
583 1556 623 1603 eat
641 1548 685 1601 hic
709 1566 774 1601 esse.
810 1547 931 1601 Tandem
950 1563 1013 1600 vero
1032 1547 1188 1599 innuentem
1208 1553 1243 1598 et·

181 1674 351 1731 annuentem,
365 1675 396 1719 ut
408 1669 475 1719 irem
486 1684 542 1720 non
562 1667 728 1721 descendens
751 1666 867 1720 redirem
889 1682 1055 1736 permanens,
1078 1664 1158 1717 aliam
1182 1664 1237 1717 vidi

181 1786 318 1839 visionem.
355 1786 449 1839 Rubus
474 1786 570 1840 ardens
591 1786 620 1839 in
643 1786 768 1839 interiora
795 1785 892 1839 deserti
915 1784 1048 1855 apparuit.
1084 1784 1235 1854 Suspensus

185 1905 290 1957 intenta
301 1905 468 1975 cogitatione,
488 1906 561 1958 Num
575 1906 708 1975 (inquam)
723 1906 792 1958 sicut
804 1904 894 1976 Moysi
905 1906 988 1958 rubus
1007 1903 1118 1956 ardebat
1130 1912 1157 1955 et
1186 1920 1240 1955 non

182 2024 395 2088 consumebatur,
409 2024 447 2075 sic
455 2023 553 2075 mensis
564 2023 615 2075 iste
623 2022 712 2075 reddit
719 2022 888 2093 splendorem
899 2023 1042 2085 lucentem,
1055 2040 1110 2073 non
1121 2022 1238 2075 calorem

185 2149 317 2195 urentem.
361 2141 451 2194 Amici
467 2140 538 2193 enim
557 2140 712 2211 increpatio,
734 2148 812 2210 grata
830 2141 917 2211 potius
938 2141 1068 2211 correptio
1087 2149 1135 2206 est,
1157 2158 1238 2211 quam

182 2260 294 2313 molesta
305 2260 409 2313 exustio
422 2279 429 2312 ε
443 2269 483 2313 est
494 2268 592 2313 autem.
612 2260 667 2313 Vos
680 2269 789 2313 venator
797 2269 852 2312 tam
862 2260 1003 2313 verborum
1012 2276 1094 2329 quam
1107 2278 1233 2315 sensuum

180 2389 208 2433 et
221 2380 375 2433 conclusum
384 2382 483 2434 retibus
496 2389 522 2433 et
535 2398 691 2451 percussum
700 2383 832 2434 venabulo
842 2381 998 2435 credidistis.
1037 2381 1089 2434 Hic
1102 2390 1142 2435 est
1149 2383 1232 2435 rubus

182 2501 306 2553 ruborem
319 2501 451 2569 ingerens,
473 2500 521 2553 sed
540 2501 667 2571 perfectae
687 2509 714 2553 et
734 2500 827 2553 solidas
849 2500 966 2552 caritatis
989 2501 1071 2553 robur
1095 2501 1232 2555 nescienti.

187 2619 287 2672 Oculus
299 2619 389 2689 pusilli
400 2627 571 2691 pungeretur,
585 2619 628 2671 vel
640 2619 720 2671 etiam
728 2626 959 2689 compungeretur,
969 2619 991 2671 si
1002 2620 1078 2689 spina
1086 2619 1239 2691 hujusmodi
1256 2606 1257 2609 Ἴ
1271 2666 1274 2673 ,

187 2738 370 2808 configeretur.
407 2739 469 2791 Non
482 2757 546 2791 vero
559 2737 699 2807 contingat
710 2738 762 2791 hoc
775 2739 853 2791 oculo
865 2738 989 2803 caritatis,
1010 2740 1084 2810 cujus
1102 2740 1182 2793 solius
1202 2749 1243 2793 est

189 2855 319 2925 colligere,
334 2856 415 2908 immo
423 2855 570 2926 producere
582 2873 671 2907 rosam
679 2855 712 2909 de
720 2856 811 2926 spinis.
829 2856 871 2909 Sic
883 2856 899 2909 J
902 2874 961 2909 esus
974 2857 1007 2910 de
1020 2857 1101 2927 spinis
1113 2859 1243 2929 passionis

188 2992 275 3027 rosam
287 2975 397 3045 protulit
408 2975 605 3045 redemptionis.
615 2976 659 3027 An
673 2993 727 3027 non
735 2976 986 3046 ejusirnitationem,
999 2985 1026 3028 et
1035 2986 1063 3029 tu
1072 2978 1163 3030 reddis
1171 2980 1243 3030 bona

188 3111 236 3163 pro
245 3092 330 3157 main,
341 3092 387 3161 qui
398 3092 489 3145 mollia
501 3091 582 3156 duris,
595 3089 685 3143 dulcia
696 3091 802 3156 amaris,
816 3109 880 3144 vera
891 3093 1015 3145 retribuis
1024 3094 1120 3146 vanis!
1139 3095 1244 3147 Revera

190 3221 220 3266 tu
232 3212 346 3281 simplex
354 3220 381 3263 et
387 3211 462 3263 domi
470 3211 604 3274 babitans,
616 3219 648 3262 ut
655 3210 729 3274 dicis,
739 3211 767 3262 in
777 3210 947 3281 simplicitate
954 3212 1040 3265 cordis
1049 3214 1086 3265 tui
1100 3214 1238 3283 scripsisti.

190 3332 384 3385 Animadverte
404 3330 485 3401 igitur
503 3330 539 3384 ad
557 3330 681 3383 thronum
701 3331 796 3399 gratiae
818 3331 886 3383 miro
901 3349 1051 3403 pennarum
1064 3334 1201 3404 juvamine
1219 3341 1245 3387 te

190 3452 351 3515 convolasse,
372 3460 398 3503 et
418 3451 463 3515 ibi,
476 3451 540 3519 quia
551 3450 618 3502 citra
631 3468 686 3504 non
704 3451 833 3520 reperisti,
848 3452 993 3519 simplicem
1007 3453 1094 3505 Deum
1112 3453 1243 3508 didicisse.

186 3574 286 3629 Quaero
295 3571 384 3637 itaque
393 3586 461 3621 anne
471 3568 667 3637 simplicitatem
675 3578 749 3620 tuam
757 3568 845 3620 abillo
854 3567 927 3620 tonte
935 3571 1110 3639 reportaveris
1119 3577 1146 3624 et
1154 3580 1243 3625 utrum

187 3694 292 3739 tantum
305 3684 474 3748 transeundo,
486 3691 615 3753 quantum
623 3686 751 3738 coelicolae
764 3685 898 3739 manendo
911 3694 937 3738 et
948 3687 1051 3755 stando,
1065 3688 1221 3743 exhauseris
1232 3691 1243 3745 l

190 3804 270 3866 Quod
287 3804 310 3856 si
322 3803 379 3855 fieri
391 3820 447 3855 non
457 3803 554 3874 potuit,
569 3812 673 3856 constat
692 3821 747 3856 non
767 3805 894 3875 injuriose
908 3805 1121 3861 inestimabiliter
1136 3809 1243 3863 illorum

192 3930 267 3973 tuam
277 3916 430 3989 praecellere
440 3915 646 3988 simplicitatem,
656 3916 724 3971 sicut
731 3926 758 3970 et
768 3918 968 3971 beatitudinem.
977 3920 1104 3975 Animam
1112 3923 1245 3994 siquidem

193 4040 339 4092 humanam
362 4035 475 4089 habeam
498 4035 655 4089 naturaliter
679 4036 836 4106 simplicem,
863 4038 1017 4107 angelorum
1041 4057 1104 4093 vero
1122 4048 1246 4095 naturam

194 4158 275 4213 etiam
287 4154 443 4224 simpliciter
456 4156 612 4226 simplicem.
650 4157 738 4211 Deum
759 4174 865 4227 qnoque
888 4157 1057 4228 singulariter
1079 4160 1249 4217 ineffabiliter
