3100 5192
538 480 692 536 Dnuvausrs
711 484 861 538 Errsronre.

223 763 266 811 51.
306 760 358 811 AD
377 760 702 814 PRAEDESTINATUM
722 761 896 814 SANCTUM
914 761 1082 814 THOMAM
1103 762 1190 814 CAN-

447 878 666 932 CELLARIUM
685 881 795 933 REGIS
813 882 975 935 ANGLIAE.

218 997 331 1051 Douma
351 1017 383 1050 rr
402 1017 487 1051 surco
514 1018 563 1052 suo
586 1018 732 1053 cnarssruo
755 1001 786 1052 Τ.
808 1019 995 1054 caucasorum
1015 1019 1093 1054 naurs
1116 1001 1234 1054 Asana
1304 1015 1306 1022 ·

183 1133 291 1170 ratres
309 1117 515 1183 P.'l‘racaus1s,
535 1137 669 1172 saturnu.

217 1251 335 1320 Magnus
360 1254 465 1306 animus
489 1255 539 1307 hoc
562 1255 698 1325 praecipue
722 1256 889 1326 praecipuum
916 1255 1154 1338 intervnobilitatis
1179 1271 1233 1306 suae

180 1370 298 1440 insignia
310 1373 399 1436 refert,
412 1391 447 1426 ne
460 1373 503 1426 vel
516 1373 654 1426 minimam
667 1375 760 1427 saltem
778 1375 882 1428 minimi
895 1375 978 1428 delati
992 1374 1110 1444 obsequii
1122 1373 1236 1444 patiatur

181 1489 350 1542 oblivionem.
380 1492 467 1544 Semel
490 1494 635 1563 suscepisse
646 1493 806 1546 beneficium
821 1501 913 1546 eterna
925 1493 984 1562 lege
1001 1501 1040 1544 est
1061 1510 1117 1544 essa
1135 1491 1235 1560 obliga-

180 1615 247 1660 tum.
283 1610 345 1662 Non
357 1610 428 1663 radit
442 1611 493 1664 hoc
505 1612 631 1664 decidens
645 1613 794 1676 necessitas,
816 1631 870 1665 non
883 1612 955 1664 delet
969 1612 1106 1682 negligens
1123 1610 1233 1672 incuria,

180 1745 236 1780 non
257 1730 350 1799 sepelit
365 1732 568 1801 occupationum
589 1751 691 1785 arena:
711 1734 791 1786 etiam
803 1734 831 1784 in
846 1741 930 1786 morte
953 1732 1027 1796 vivit,
1048 1731 1154 1783 vitalius
1173 1730 1233 1792 vita,

179 1847 277 1900 fortius
288 1857 380 1913 morte,
393 1851 537 1919 perennius
549 1852 752 1921 temporalitate.
789 1853 900 1922 AEgrum
911 1859 950 1904 est
962 1851 1032 1922 apud
1043 1849 1233 1920 magnanimos,

178 1982 232 2017 non
258 1969 402 2036 egregium,
432 1969 455 2021 si
478 1987 506 2022 se
531 1971 657 2022 obtulerit
680 1937 873 2040 opportunitas,
900 1970 1058 2022 beneficium
1080 1969 1165 2020 amico
1181 1985 1235 2018 non

179 2087 286 2140 referre.
331 2088 411 2140 Mora
431 2098 471 2141 est
491 2107 545 2141 non
566 2098 669 2144 mature
690 2089 761 2158 quod
781 2089 877 2141 debeat
897 2089 1013 2148 solvisse,
1036 2089 1118 2140 immo
1140 2086 1233 2156 gratiae

178 2207 306 2260 damnum
319 2225 372 2260 non
385 2209 580 2278 supersolvisse.
611 2210 672 2261 Non
691 2217 817 2263 exonerat
830 2227 936 2280 quoque
960 2208 1145 2262 liberalitatem
1158 2223 1233 2258 suam

178 2347 195 2382 a
208 2329 298 2382 debito
312 2329 414 2398 gratia,
435 2348 518 2399 quum
537 2330 645 2383 solverit
666 2332 793 2396 debitum,
810 2331 872 2402 quia
893 2331 975 2383 debiti
997 2329 1092 2382 solutio
1113 2345 1167 2379 non
1196 2335 1236 2378 est

178 2451 272 2519 grutiae
285 2450 423 2514 absolutio,
437 2451 484 2502 sed
492 2453 638 2504 renovatio.
675 2451 755 2502 Mens
772 2451 843 2503 enim
856 2452 926 2502 bona
938 2449 1049 2518 gratiam
1063 2465 1116 2499 non
1129 2447 1233 2508 minuit,

179 2584 260 2635 quam
281 2566 363 2618 semel
383 2567 463 2618 alicui
483 2566 595 2637 aperuit.
628 2566 695 2630 Fiet,
716 2566 804 2636 inquit
825 2565 964 2630 Dominus,
979 2565 1006 2616 in
1030 2582 1060 2615 eo
1083 2563 1142 2615 fons
1161 2561 1233 2613 vitra.

178 2685 313 2738 Praeterea
332 2685 407 2738 lucro
419 2685 546 2756 temporis
565 2686 722 2756 gratulatur,
735 2703 819 2756 prona
832 2685 866 2736 ad
880 2701 987 2736 usuram
1000 2680 1133 2744 beneficii,
1150 2697 1232 2749 quum

176 2805 235 2856 sine
244 2821 319 2856 mora
326 2810 435 2873 praestat
442 2803 521 2855 etiarn
532 2803 602 2873 quod
610 2811 637 2855 et
649 2803 756 2872 quando
773 2821 827 2856 non
836 2812 968 2856 meruerat
978 2803 1094 2856 creditor
1104 2800 1232 2870 obsequii.

175 2923 293 2993 Tempus
303 2939 420 2990 namque
429 2921 548 2991 obsequii
555 2931 692 2991 gratanter
703 2931 881 2993 acceptorum
891 2924 1029 2974 occasione
1042 2923 1159 2984 inventa,
1170 2937 1232 2971 oon-

177 3051 256 3112 cepta
268 3041 395 3110 obsequia
408 3041 435 3092 in
452 3041 550 3092 effectu
566 3041 653 3110 operis
667 3041 792 3110 parturio.
831 3040 977 3093 Gravidata
994 3041 1064 3093 enim
1081 3055 1155 3090 mens
1168 3037 1233 3107 quid

176 3161 228 3212 nisi
241 3167 346 3229 tempus
360 3167 483 3228 expectat
496 3168 522 3212 et
532 3168 607 3228 optat
618 3159 757 3229 pariendil
775 3160 919 3230 Nunquam
934 3159 1012 3229 parit,
1024 3176 1084 3228 quae
1094 3173 1232 3226 nunquam

176 3279 339 3350 gravidatur.
375 3279 476 3331 Sterilis
497 3279 633 3331 sufiocans
651 3281 774 3331 aborsum
796 3280 859 3332 facit
879 3280 950 3332 infra
963 3280 1123 3351 germinales
1143 3277 1232 3330 vulvae

176 3417 261 3463 areas,
276 3398 551 3468 quodcunquesemen
561 3400 712 3469 susceperit.
736 3399 863 3464 Ariditas,
878 3400 959 3452 immo
980 3399 1131 3468 malignitas
1144 3399 1233 3468 ingra-

176 3518 299 3572 titudinis
325 3517 447 3581 suffocat,
471 3518 543 3587 quod
568 3514 662 3570 inanus
683 3519 809 3587 agricolae
832 3519 865 3570 de
887 3519 977 3570 labore
991 3527 1017 3570 et
1043 3519 1142 3570 horreis
1178 3521 1231 3571 suis

176 3637 345 3710 plantaverit.
386 3636 460 3689 Vitio
482 3645 571 3689 tamen
584 3637 780 3706 ingratitudinis
805 3644 913 3689 eatenus
942 3654 1021 3688 nemo
1055 3636 1230 3705 redarguitur,

176 3755 577 3827 quousquevelnegetdebitum
585 3756 627 3808 vel
635 3764 768 3826 perpetret
776 3757 866 3836 debito
876 3756 1045 3808 contrarium.
1087 3755 1231 3822 Hactenus,

176 3875 311 3929 carissime
322 3875 428 3928 domina
440 3883 467 3928 et
476 3876 569 3940 amice,
582 3893 636 3928 nou
649 3895 691 3928 me
700 3878 834 3930 arbitreris
844 3877 1021 3930 invectionem
1035 3877 1233 3930 innobilitatem

176 4005 204 4048 et
214 3995 401 4048 liberalitatem
410 4004 482 4049 tuam
493 3996 588 4060 lacere,
597 4014 658 4066 quae
671 4015 762 4050 omnes
771 4015 900 4068 penenon
909 4006 1012 4050 tantum
1025 3998 1160 4051 inferiores
1172 4015 1229 4050 non

176 4115 335 4184 coaequales,
347 4117 394 4181 sed
407 4117 487 4169 etiam
500 4118 645 4187 superiores
658 4117 733 4170 radio
743 4136 790 4171 suo
803 4117 947 4171 obnubilat.
975 4119 1052 4190 Certe
1064 4126 1089 4170 et
1103 4135 1185 4186 usque
1198 4117 1232 4170 ad
