3100 5192
306 643 341 693 84
783 653 809 686 o.
832 651 944 687 ssssrrs

312 777 420 851 qnidam
444 791 545 830 moram
569 775 734 840 damnosam,
752 774 801 828 sed
818 775 886 830 bene
904 780 1102 846 compensatam
1118 771 1170 825 hac
1188 771 1370 827 satisfactione

310 900 432 956 remitto:
453 897 550 952 deinde
573 896 712 970 negligens
728 895 842 952 inveniri
859 895 932 967 apud
949 913 996 948 voa
1013 895 1041 948 in
1058 893 1139 966 hujus
1156 892 1241 948 cilicii
1258 910 1370 949 munere

313 1039 461 1096 praecaveo.
497 1019 624 1076 Chartam
641 1027 667 1074 et
683 1018 784 1073 chartae
790 1017 948 1091 scripturam
965 1017 1029 1070 satis
1045 1016 1180 1089 eleganter
1195 1016 1369 1087 compositam

316 1143 462 1216 suspiciens
474 1158 529 1196 non
541 1139 623 1196 semel
635 1140 742 1212 aspicio,
756 1139 803 1194 sed
815 1137 982 1210 diligentiam
996 1136 1111 1192 bominis
1129 1139 1209 1191 etiam
1225 1138 1252 1191 in
1269 1138 1371 1209 parvis-

311 1264 385 1319 simis
397 1263 475 1318 rebus
486 1278 541 1316 non
553 1259 767 1332 praetereundem
775 1259 804 1313 in
812 1261 999 1331 memetipsum
1007 1276 1068 1313 cum
1077 1258 1251 1313 admiratione
1259 1258 1368 1330 replico.

313 1382 440 1456 Exempli
452 1390 493 1436 cst
504 1389 575 1436 certe
588 1379 786 1454 compositionis
799 1378 902 1434 intimae
919 1380 1080 1452 refiguratur
1095 1379 1203 1451 quando
1218 1379 1326 1434 habitus
1340 1378 1370 1434 in

316 1503 439 1560 exteriori
450 1500 569 1557 bomine.
605 1499 873 1556 Etiamviuibonitas
882 1499 1268 1556 calicisaccrescitidoneitate.
1303 1500 1371 1572 Sug-

315 1629 398 1702 gessit
408 1628 467 1702 ipss
478 1645 534 1682 suae
550 1626 628 1681 faciei
643 1633 790 1691 venustate,
808 1625 879 1697 quod
894 1634 922 1679 et
937 1624 1058 1681 exhssauit
1073 1624 1233 1690 iniectione‚
1241 1642 1370 1696 magnum

313 1753 379 1822 quid
390 1753 419 1806 in
432 1749 593 1804 absconditio
605 1748 659 1803 suis
679 1749 824 1820 repositum
847 1756 995 1820 apportare,
1024 1747 1057 1803 de
1069 1747 1203 1814 Paradiso,
1216 1747 1250 1802 de
1262 1747 1369 1819 Egypto

315 1881 343 1928 et
354 1871 387 1927 de
399 1870 602 1942 quibuscunque
613 1867 679 1922 locis
691 1867 881 1940 scripturarum
893 1875 949 1922 mm
960 1867 1088 1940 pretiosas
1100 1885 1201 1922 meroes
1209 1875 1237 1922 et
1244 1868 1372 1938 margari-

259 2023 265 2030 -
314 2001 356 2048 tas
368 1991 454 2064 plenis
467 1988 606 2062 marsupiis
617 2006 676 2042 sese
688 1987 788 2043 refudit
798 1988 891 2042 charta
901 1996 996 2054 restra,
1010 1965 1083 2060 quod
1093 1988 1129 2042 sd
1139 1989 1227 2060 ipsam
1239 1996 1374 2043 coarctata

315 2112 350 2167 sit
361 2110 547 2182 intelligentiae
560 2115 655 2163 vesuae
668 2126 738 2162 arca.
775 2107 828 2162 Sed
840 2108 906 2179 quid
917 2109 1015 2163 mirem
1026 2109 1049 2162 si
1065 2107 1188 2162 dominns
1202 2109 1295 2162 Abbas
1310 2109 1372 2162 Clu-

313 2231 445 2288 niacensis
457 2230 491 2284 de
503 2231 632 2284 thesauris
644 2231 698 2283 suis
708 2235 749 2283 tot
760 2238 787 2284 et
798 2237 873 2282 tanta
884 2228 1008 2300 proferat,
1018 2236 1084 2300 quot
1091 2236 1119 2283 at
1126 2237 1228 2300 quanta
1243 2228 1372 2283 Cellensis

316 2352 363 2407 vix
372 2351 467 2408 efferre
476 2350 574 2404 velasti
608 2351 706 2403 Nonne
715 2350 752 2403 sic
762 2366 779 2403 a
788 2349 902 2421 quodam
911 2349 1013 2404 dictum
1020 2351 1134 2423 legimus
1143 2369 1149 2404 ε
1168 2350 1212 2405 lix
1220 2359 1247 2405 te
1253 2352 1373 2423 praebere

320 2492 375 2529 non
385 2473 483 2547 poteris
491 2490 642 2527 ascensores
651 2489 780 2545 equorum
789 2489 855 2544 quos
863 2491 912 2543 ego
920 2472 990 2527 dabo
1008 2473 1063 2526 tibi.
1081 2473 1374 2528 Ambulantvobiacum

319 2594 534 2662 innumerabiles,
547 2596 616 2651 forte
627 2596 695 2650 sicut
707 2595 831 2651 monachi
843 2596 880 2649 sic
893 2603 920 2650 et
930 2596 1077 2650 sententiae.
1115 2596 1192 2650 Certe
1203 2596 1241 2650 sic
1254 2607 1307 2664 est;
1326 2616 1373 2651 na-

318 2719 377 2790 gari
388 2736 442 2771 non
454 2725 556 2789 potest:
575 2735 617 2770 rea
629 2717 657 2769 in
670 2715 787 2770 evidenti
798 2725 846 2769 eat.
882 2716 949 2776 Quis
960 2718 998 2770 sic
1010 2717 1045 2770 ad
1056 2735 1173 2783 manum,
1187 2718 1224 2770 sic
1233 2717 1269 2770 sd
1276 2727 1371 2771 nutum

314 2855 407 2911 cogere
421 2845 524 2892 tautum
536 2836 680 2890 exercitum
692 2835 934 2908 philosophicorum
947 2839 1128 2909 exemplorum
1140 2847 1195 2893 tam
1205 2840 1258 2894 cito
1268 2841 1373 2912 potuiti

318 2961 425 3014 Ovena
441 2958 524 3026 dives,
542 2959 636 3012 beatus
654 2957 700 3030 qui
718 2958 812 3030 vigilat
828 2958 864 3012 ad
882 2967 971 3031 postes
989 2937 1049 3012 ostii
1066 2961 1113 3013 tui.
1150 2961 1234 3015 Mane
1261 2961 1374 3032 panibus

321 3089 431 3143 vespere
444 3071 567 3124 semibus
579 3069 671 3124 satiari
683 3069 789 3141 poterit.
826 3068 934 3122 Pulsavi
946 3077 972 3123 et
984 3069 1131 3141 aperuistis.
1149 3071 1240 3125 Unum
1252 3071 1378 3142 loquutus

316 3211 375 3246 sum
388 3191 459 3262 quod
472 3190 569 3244 dixisse
581 3208 624 3242 me
635 3207 689 3243 non
701 3190 822 3260 poenitet.
858 3189 922 3242 Una
933 3189 1064 3261 siqnidem
1076 3198 1102 3243 et
1113 3190 1218 3245 modica
1229 3193 1375 3264 punctione

317 3312 394 3382 tetigi
405 3329 469 3377 voa;
507 3308 654 3382 quinimmo
672 3309 747 3380 tetigi
758 3327 883 3363 acervum
895 3310 1024 3364 Mercurii
1035 3311 1090 3365 sivo
1108 3329 1239 3366 novarum
1256 3313 1372 3384 fmgum3

318 3433 432 3487 sednon
444 3432 549 3486 modica
561 3431 726 3486 estimatione
734 3431 827 3504 excepi
834 3431 989 3486 thesaurum
1006 3434 1149 3487 multarum
1176 3436 1374 3489 sententiarum.

315 3555 406 3616 Quidi
444 3555 705 3610 Mensurambonam
712 3563 739 3609 et
747 3555 894 3609 confertam
904 3564 930 3608 et
938 3557 1097 3626 coagitatam
1108 3565 1135 3610 et
1146 3558 1377 3630 uiperefflueutem

315 3681 452 3738 remisistis
463 3681 492 3735 in
504 3683 592 3734 sinum
603 3689 730 3735 nostrum.
767 3680 882 3734 Proinde
895 3681 985 3735 exulte
1003 3682 1037 3735 ob
1055 3682 1237 3753 dignationem
1248 3692 1373 3751 vestram

322 3811 416 3874 stupeo
424 3801 458 3855 ad
468 3801 661 3872 eloquentiam
675 3818 752 3855 curre
761 3801 829 3857 sicut
838 3819 932 3856 cervus
940 3802 1074 3856 sitiensad
1082 3802 1183 3856 iontem
1192 3803 1369 3871 historiarum,

320 3920 355 3975 ad
363 3920 571 3992 profunditatem
579 3921 777 3986 sententiarum,
786 3921 821 3974 ad
829 3921 986 3976 suavitatem
1004 3922 1229 3978 exhortationum.
1267 3925 1374 3980 Interea

321 4042 374 4099 duo
391 4043 540 4116 proponitis
562 4051 668 4126 sumpta
684 4062 702 4097 a
718 4043 827 4096 nomino
844 4060 906 4108 unc,
926 4043 997 4116 quod
1016 4053 1055 4098 est
1072 4045 1174 4112 Petrus,
1192 4046 1375 4101 fortitudinem
1408 4069 1412 4076 ·

319 4165 453 4220 scilicetet
462 4163 633 4235 agnitionem.
671 4163 712 4217 De
721 4171 834 4235 utraque
847 4165 1049 4237 exemplificatis
1061 4184 1115 4220 nou
1128 4184 1216 4220 avare.
1253 4167 1375 4221 Honesta

321 4287 418 4343 deinde
436 4289 515 4344 modo
542 4289 629 4359 qualis
647 4307 703 4342 asse
722 4286 834 4342 debeam
852 4288 988 4354 mannitio,
1009 4307 1091 4360 quum
1109 4289 1190 4344 talem
1203 4308 1259 4345 esse
1277 4291 1373 4358 dicitis,
