3100 5192
340 530 391 579 116
788 526 822 579 G.
837 541 947 577 renarra

340 698 395 735 nou
403 680 489 735 debeo
497 681 739 752 superimpendam.
757 684 848 742 Quum
860 682 931 735 enim
939 696 993 733 nou
1004 696 1093 732 meum
1102 685 1207 731 tautum
1216 676 1264 730 sed
1273 684 1398 731 eteorum

345 818 406 853 cum
431 799 528 869 quibus
550 818 610 853 sum
633 801 709 853 vobis
733 800 899 871 descripsero
923 807 1030 862 statum,
1050 797 1083 850 de
1101 797 1177 850 lucro
1194 814 1275 867 super
1299 794 1403 866 adjecto

345 920 461 972 amicum
473 919 570 971 tenebo
582 903 735 972 obnoxium.
772 919 852 971 Forte
864 935 948 988 usque
962 917 996 971 ad
1014 917 1121 969 tertium
1140 915 1246 980 coelum,
1265 932 1320 968 non
1333 914 1402 966 Pau-

344 1038 402 1091 lum
413 1036 579 1103 Tarsensem,
593 1037 641 1089 sed
653 1037 762 1090 Petrum
775 1037 922 1091 Cellensem
935 1046 1049 1106 raptum,
1063 1044 1094 1087 ut
1105 1035 1165 1087 sinu
1172 1034 1253 1105 pleno
1261 1034 1403 1087 revelatio-

349 1172 415 1208 num
439 1163 467 1207 ct
486 1171 644 1207 arcanorum
663 1153 770 1206 rediens
788 1154 832 1207 vel
850 1170 909 1207 sero
929 1153 1081 1218 descendet,
1102 1152 1303 1223 prsestolsmiui.
1341 1150 1404 1203 Jam

347 1289 455 1326 saccum
464 1280 580 1325 vestrum
588 1271 818 1325 benedictionibus
828 1272 995 1343 implendum
1006 1272 1145 1337 resolvitis,
1152 1270 1209 1343 jem
1216 1271 1250 1323 de
1259 1270 1403 1323 cumulatis

348 1389 495 1459 gratiarum
519 1388 616 1441 adoriis
627 1396 731 1458 partem
742 1387 841 1442 bonam
866 1388 1017 1459 deposcitis.
1053 1388 1157 1454 Dicitis,
1170 1390 1193 1442 Α
1208 1388 1336 1441 nundinis
1349 1396 1404 1440 tam

349 1506 463 1577 copiosis
470 1515 579 1576 tamque
586 1506 836 1577 supereffluentibus
843 1522 942 1559 vacuus
950 1522 1088 1577 nunquam
1098 1514 1137 1559 est
1144 1506 1254 1559 amicus.
1289 1505 1402 1558 Utinsm

344 1626 462 1699 jocando
475 1626 580 1690 serium,
594 1625 642 1679 sed
653 1633 681 1678 et
687 1643 780 1678 verum
786 1625 947 1695 loquamini:
966 1625 1013 1677 sed
1020 1624 1097 1677 aliter
1106 1632 1153 1690 est,
1162 1625 1247 1677 amice
1261 1624 1405 1677 carissime.

349 1744 521 1798 Proverbium
533 1751 588 1796 est:
607 1743 661 1802 Qui
669 1743 766 1797 stultus
777 1743 866 1814 pergit
878 1743 912 1796 ad
921 1744 1015 1808 forum,
1030 1743 1125 1796 stultus
1136 1744 1213 1797 redit.
1233 1744 1277 1795 Sic
1284 1752 1334 1808 est,
1342 1762 1405 1797 con·

352 1863 430 1917 fiteor
440 1861 623 1915 infirmitatem
634 1878 731 1915 meam.
768 1861 875 1931 Psuper
886 1869 913 1913 et
924 1860 1020 1913 stultus
1031 1860 1102 1925 veni,
1115 1861 1222 1913 sednon
1231 1861 1266 1913 ad
1273 1878 1405 1931 pauperes

353 1988 381 2034 et
391 1979 496 2045 stultos,
508 1979 560 2031 nisi
571 1996 702 2049 pauperes
713 1978 809 2049 spiritu
821 1986 848 2031 et
858 1978 952 2031 stultos
963 1986 1075 2049 propter
1087 1978 1230 2031 Christum.
1267 1979 1406 2050 Sapientes

351 2102 423 2155 enim
435 2108 499 2155 sunt
510 2100 640 2172 sapientia
652 2118 713 2170 quar
725 2101 926 2167 desursumest3
946 2095 1062 2171 primum
1070 2100 1178 2170 quidem
1187 2100 1294 2170 pudica,
1306 2100 1402 2152 deinde

348 2225 469 2297 pacifica,
483 2225 628 2292 suadibilis,
642 2226 677 2279 ed
689 2244 768 2279 omne
781 2243 848 2296 opus
862 2226 963 2278 bonum
982 2226 1166 2290 consentiens;
1186 2225 1282 2278 divites
1301 2242 1406 2295 quoque

349 2345 379 2397 iu
391 2342 468 2396 bonis
480 2342 611 2413 operibus,
630 2344 658 2395 in
677 2343 796 2408 scientia,
815 2344 843 2395 in
861 2344 979 2408 veritate,
992 2344 1116 2415 puritate,
1127 2362 1202 2415 pace,
1214 2346 1365 2398 humilitate
1383 2352 1409 2397 et

348 2464 509 2537 hujusmodi.
546 2464 649 2519 Revera
659 2481 761 2517 merces
773 2481 833 2517 suas
847 2470 996 2516 statuerunt
1006 2463 1034 2515 in
1047 2464 1174 2517 nundinis
1186 2464 1334 2517 vendentes
1346 2481 1407 2534 quae

354 2582 427 2653 apud
438 2582 499 2635 illos
509 2592 580 2647 sunt,
595 2590 622 2635 et
639 2590 758 2635 ementes
776 2599 837 2651 quae
855 2582 888 2633 de
908 2582 1054 2651 longinqua
1075 2583 1182 2653 regione
1200 2583 1352 2636 necessaria
1368 2600 1410 2635 us-

353 2701 414 2755 ibus
431 2701 527 2753 futuris
546 2708 573 2752 et
595 2699 772 2770 praesentibus
796 2700 829 2751 ad
854 2700 922 2750 bene
945 2698 1090 2750 vivendum
1113 2699 1257 2768 reperiunt.
1295 2700 1359 2753 Hoc
1382 2702 1410 2753 in

351 2815 578 2885 negotiationibus
595 2832 689 2867 eorum
707 2833 756 2884 pro
773 2814 903 2867 miraculo
927 2823 1014 2879 teneo,
1035 2816 1108 2885 quod
1132 2816 1165 2868 de
1188 2817 1329 2887 superfluis
1355 2817 1409 2869 suis

321 2961 324 2966 ·
353 2935 478 3007 supplere
492 2934 592 2997 volunt,
609 2951 663 2986 non
681 2935 766 2987 solum
786 2952 845 3005 quae
864 2935 899 2987 ad
916 2936 1108 3001 necessitatem,
1129 2937 1274 2991 sedetiam
1293 2955 1355 3006 quae
1374 2937 1408 2989 ad

354 3054 517 3125 voluptatem
529 3054 668 3124 profutura
679 3062 748 3105 sunt
797 3053 936 3124 Superflua
953 3072 1015 3107 vero
1034 3055 1123 3107 omnia
1141 3055 1188 3107 illa
1205 3063 1339 3125 reputant,
1353 3056 1409 3109 sine

354 3174 453 3244 quibus
464 3174 553 3226 vivere
565 3181 705 3241 utrumque
713 3180 835 3241 possunt

389 3290 467 3343 Certe
479 3291 517 3342 ita
533 3306 587 3341 non
596 3288 739 3359 projiciunt
754 3290 783 3341 in
797 3289 909 3341 mintum
921 3288 1047 3341 humanae
1060 3290 1227 3355 adulationis,
1242 3289 1297 3355 sed,
1312 3298 1412 3359 quanto

356 3406 443 3459 carius
452 3412 570 3474 possunt,
584 3405 636 3457 deo
649 3412 676 3456 et
688 3404 789 3473 angelis
800 3422 848 3474 pro
861 3412 953 3457 eterna
961 3406 1132 3459 retributione
1142 3406 1273 3459 vendunt.
1308 3408 1412 3460 Videns

354 3523 475 3594 singulos
487 3531 616 3593 tanquam
628 3522 751 3575 formicas
763 3522 890 3593 impigras
908 3522 942 3575 ad
958 3523 1113 3593 speluncam
1130 3542 1214 3590 suam,
1228 3525 1266 3577 ¹nb
1285 3525 1410 3588 oratorio,

354 3653 484 3714 tauquam
501 3644 535 3695 de
552 3660 624 3711 argo,
640 3642 791 3712 manipulos
803 3641 915 3713 justitiae
934 3642 1039 3706 referre,
1058 3642 1145 3711 spicas
1162 3643 1320 3707 orationum,
1334 3644 1413 3697 fasci-

356 3762 431 3814 culos
443 3761 568 3830 myrrhae,
577 3761 595 3812 i.
610 3778 633 3812 e.
645 3760 794 3829 congeriem
805 3758 934 3830 passionis
947 3758 1044 3811 Christi
1056 3759 1147 3811 dilecti
1159 3760 1199 3812 sui
1211 3760 1281 3813 inter
1292 3761 1376 3813 ubere
1385 3761 1413 3813 in

355 3879 497 3951 principali
519 3879 606 3931 cordis
629 3878 670 3929 sui
695 3878 857 3931 collocantes
882 3886 908 3929 et
931 3894 1024 3929 revera
1040 3878 1177 3947 myrrham
1195 3878 1327 3943 redolent,
1348 3880 1412 3949 quia

355 4014 462 4050 carnem
484 4013 559 4048 suam
583 3996 749 4065 crucifigunt,
777 4004 804 4047 et
828 3995 897 4048 hsnc
915 4012 969 4047 non
989 3995 1115 4048 diffusam
1133 3996 1176 4049 vel
1195 3996 1351 4067 dispersam,
1365 3998 1413 4050 scd

354 4117 508 4186 colligatam
525 4126 552 4167 et
569 4115 748 4179 constrictam,
769 4132 820 4183 quo
833 4113 934 4167 scilicet
943 4114 1006 4167 odor
1018 4114 1100 4183 ipsius
1113 4114 1220 4169 densior
1238 4114 1367 4169 reddetur
1385 4124 1412 4169 et
