3100 5192
555 500 711 557 Doliturum
730 520 875 557 erroreum.
1207 504 1239 557 to

189 664 216 711 et
236 674 294 729 prae
313 656 413 710 loribus
429 656 558 711 tenebrae.
594 657 655 711 Nini
671 658 762 730 itaque
779 657 814 712 ad
832 656 1067 729 incomparabilem
1085 650 1249 711 thesaurum

188 774 372 840 obtinendum,
385 775 453 829 tanti
464 774 568 829 laborer
577 768 868 831 nonountiuoumendi.
903 774 976 834 Quid
984 774 1089 828 dicam?
1106 782 1240 829 memento

186 900 279 947 tamen
286 894 393 947 ouibrec
401 894 543 965 pmioaimc
550 902 627 965 gutta
634 901 741 966 cuperat
748 894 883 947 laborem:
903 893 966 964 quia
975 892 1045 947 sitim
1055 892 1141 959 satiat²
1149 892 1240 946 sordeo

187 1012 271 1079 lavat,
284 1020 379 1068 oeotum
391 1021 530 1085 temperat,
541 1015 680 1069 humectat
690 1014 774 1079 arida,
787 1013 854 1069 duro
866 1013 974 1078 emollit,
984 1012 1083 1069 sterilia
1092 1012 1239 1067 foecundat.

188 1130 232 1185 Ex
242 1130 295 1185 hac
313 1131 423 1203 lagenae
439 1132 578 1187 oculorum
596 1132 712 1187 ouiiuaao
731 1132 760 1186 in
776 1132 928 1189 libamentis
944 1131 1042 1187 nostrie
1060 1129 1197 1185 effunditis
1212 1138 1240 1185 ct

188 1266 251 1304 cum
260 1249 312 1304 hcc
323 1250 451 1307 altioaimc
458 1250 518 1305 Deo
526 1259 589 1306 vota
595 1250 737 1323 placabilia
745 1251 863 1307 offertio:
883 1250 943 1309 haec
951 1250 1041 1321 ignem
1050 1249 1241 1321 inextinguibi-

187 1367 243 1422 lem
254 1368 388 1439 extinguit
399 1376 427 1423 et
437 1368 552 1450 rigorem
558 1368 658 1440 judicio
668 1368 703 1423 ad
711 1368 837 1441 pietatem
844 1368 969 1423 inflectit:
988 1367 1048 1424 haec
1059 1367 1203 1423 Cherubim
1213 1375 1240 1421 et

190 1484 346 1540 flammeum
362 1486 482 1557 gladium
500 1494 580 1560 atque
597 1488 748 1541 versatilem
764 1505 801 1542 ne
813 1487 917 1543 laedant
934 1487 1093 1559 compescit:
1119 1487 1191 1541 hono
1208 1486 1238 1540 in

189 1606 282 1659 vinum
294 1606 414 1661 Salvator
426 1607 556 1661 convertit
567 1614 595 1661 et
605 1625 654 1662 ouo
669 1624 743 1661 more
759 1607 864 1681 potiora
882 1606 991 1661 exbibet
1009 1605 1037 1659 in
1053 1606 1239 1661 benedictione

190 1740 272 1797 quam
282 1724 312 1779 in
323 1726 467 1781 creatione.
503 1725 680 1781 Pmouldubio
691 1734 754 1781 aunt
764 1726 843 1780 nobie
854 1724 944 1797 plures
954 1724 1036 1779 forteo
1048 1722 1241 1780 adhibendum

188 1843 282 1898 viuum
292 1844 706 1900 etaimiocendamebrietotem:
719 1844 812 1900 odboc
820 1852 907 1902 autem
914 1844 1039 1917 poculum
1047 1842 1239 1916 quioidoneuoi

190 1962 344 2019 VeruoNoe
352 1972 442 2019 nootcr
449 1964 496 2035 qui
504 1964 622 2035 requiem
629 1964 707 2019 nobio
715 1964 789 2018 dedit
796 1964 831 2017 ab
839 1963 961 2035 openbuo
969 1962 1082 2017 mortuis
1091 1978 1098 2014 r
1123 1959 1175 2015 hac
1185 1960 1247 2045 imo
1332 1947 1334 1951 ⁵

189 2078 328 2134 debriatus
345 2079 538 2150 turpitudinem
552 2078 679 2133 humanm
695 2078 856 2135 infirmitatis
875 2078 904 2132 in
922 2094 1000 2131 cruce
1015 2076 1168 2143 denudavit,
1184 2084 1240 2133 ota

188 2160 279 2252 medio
291 2196 348 2251 filio
360 2197 407 2268 qui
424 2214 512 2266 neque
530 2196 632 2251 calidus
649 2206 689 2252 eet
703 2214 792 2271 nequo
809 2196 922 2269 frigidus
938 2196 1087 2251 irrisionem
1105 2196 1239 2251 notione

190 2314 257 2371 Ideo
268 2314 347 2387 pauci
359 2314 507 2388 procedunt
518 2314 553 2369 ad
565 2314 715 2381 emendum,
729 2315 868 2388 pauciore·
880 2314 915 2370 ad
926 2313 1125 2387 possidendum,
1138 2316 1246 2387 paucio-¹

190 2434 251 2489 aimi
262 2434 298 2488 od
307 2434 463 2500 bibendum,
476 2434 532 2489 iero
541 2452 622 2489 nomo
633 2435 669 2489 ad
685 2433 872 2490 debriandum.
907 2434 1015 2489 Potator
1029 2435 1111 2507 hujus
1124 2435 1181 2489 vini
1193 2452 1241 2507 po·

191 2562 251 2608 term
262 2553 315 2607 init
325 2552 396 2607 filius
407 2550 485 2605 fabri.
521 2551 586 2605 Post
597 2552 670 2606 bunc
681 2552 880 2623 emigraverunt
890 2551 926 2606 ad
937 2552 1030 2606 vineoe
1042 2551 1175 2623 Engaddi,
1194 2552 1241 2623 qui

191 2676 320 2730 bibebant
330 2674 424 2730 vinum
434 2673 600 2727 libaminum.
635 2673 707 2733 Quia
716 2674 798 2745 igitur
808 2690 880 2727 nunc
892 2690 946 2727 non
960 2680 999 2727 eat
1009 2673 1117 2727 relictus
1127 2674 1156 2727 in
1169 2674 1241 2736 Sion,

193 2802 222 2849 et
231 2792 353 2848 residuus
363 2792 391 2846 in
404 2791 553 2847 Jerusalem
565 2790 612 2864 qui
623 2790 657 2845 de
669 2781 751 2845 mauu
764 2790 872 2847 Domini
885 2792 996 2846 calicem
1007 2791 1062 2845 vini
1078 2790 1145 2846 meri
1161 2790 1244 2845 ausci-

192 2913 258 2985 piat‚
276 2912 395 2967 accedite
412 2928 460 2966 voc
478 2909 525 2982 qui
548 2910 610 2964 cotio
633 2908 667 2962 de
690 2909 771 2962 domo
797 2909 856 2976 Dei,
876 2917 903 2964 et
920 2908 1003 2964 bibite
1021 2917 1048 2964 et
1065 2907 1242 2973 inebriamini,

196 3031 332 3086 cariorimi.

265 3522 309 3572 33.
328 3516 460 3573 IISDEM
480 3516 626 3573 ITERUM
645 3516 864 3573 RESPONDET
883 3517 936 3571 nl)
956 3515 1170 3574 Prorosrm.

230 3663 356 3717 Dountm
373 3679 406 3715 ΕΤ
426 3679 519 3715 ΔΙΙῦΙΙ
537 3679 596 3716 {Uis
613 3677 707 3714 mont
727 3676 761 3714 ΕΤ
780 3676 900 3713 ΟΜΕΜΒ
919 3676 1070 3713 rnrrulauo
1088 3678 1122 3714 D!
1140 3660 1246 3716 ΜΟΜΙ

193 3782 258 3849 Dor,
269 3798 375 3836 runrna
393 3782 427 3834 G.
447 3798 512 3835 auno
528 3797 643 3844 cruror,
663 3796 763 3833 nanum
781 3796 870 3834 orrrnr
890 3797 1005 3837 orunnn
1024 3797 1080 3835 nou
1099 3798 1246 3839 raeuonnr.
1365 3780 1376 3801 ·’

229 3900 384 3954 Suariooimi
401 3900 502 3971 uaporis
518 3899 653 3955 buccellae
669 3899 745 3970 qumi
760 3901 838 3971 panio
855 3900 935 3955 oleati
953 3918 1000 3958 ore
1015 3901 1094 3956 avido
1108 3902 1137 3957 in
1153 3919 1246 3957 menna

192 4017 331 4071 literanum
343 4026 490 4073 coenarum
500 4025 669 4089 praegustant
675 4016 872 4089 juctmditatem
884 4017 991 4091 spiritua
1003 4019 1072 4091 coepi
1081 4026 1209 4084 eructare,
1219 4028 1246 4073 et

183 4099 293 4192 ¹iterum
304 4144 384 4208 atque
396 4135 492 4190 iterum
504 4153 561 4208 pue
574 4134 705 4191 desiderio
715 4137 838 4209 spiritum
845 4136 946 4193 bouum
955 4136 1098 4193 attrahere.
1135 4135 1168 4193 ln
1177 4152 1246 4193 crae·
