3100 5192
354 496 393 544 ns
424 523 427 530 ,
801 489 834 541 G.
855 487 975 542 Asseris

353 643 436 699 eurrit
448 642 482 698 ed
497 642 584 698 evitet
601 643 667 701 sier
680 642 843 709 infirmitste,
856 641 1002 715 portende:
1022 641 1044 701 ri
1055 657 1090 696 ex
1102 640 1275 713 malignitate,
1287 641 1412 715 eogends

353 771 405 817 est.
439 762 486 817 Ad
498 770 524 817 te
536 762 722 834 confugientes
733 780 781 834 per
791 759 978 826 humilitatem,
991 760 1129 815 inveniunt
1140 767 1261 826 matrem,
1276 779 1292 815 a
1304 770 1333 816 te
1345 763 1411 824 rosi·

356 883 453 939 tientes
463 900 512 955 per
524 882 726 947 contumacius,
740 882 858 935 sentient
868 896 990 939 severum
1009 888 1122 951 petrem.
1157 880 1220 935 Non
1238 882 1274 935 sis
1292 899 1416 955 praeceps

357 1000 508 1073 injudicio,
521 1017 575 1055 non
588 1000 689 1054 invitus
706 1000 736 1053 fn
757 998 877 1063 oonsilio,
890 1016 944 1053 non
961 998 1089 1055 verbosus
1106 998 1134 1052 in
1151 999 1282 1065 convivio,
1295 1016 1355 1054 non·
1369 1018 1413 1054 sr-

357 1138 459 1191 rogsns
473 1122 501 1173 in
518 1119 633 1192 publico,
651 1136 707 1173 non
725 1117 868 1173 detrahens
885 1118 912 1171 in
931 1124 1040 1181 secreto,
1059 1133 1114 1171 non
1130 1134 1228 1171 avenes
1245 1117 1273 1171 in
1289 1119 1411 1191 proprio,

355 1258 411 1296 non
423 1240 551 1313 prodigus
562 1239 590 1292 in
603 1238 697 1302 alieno,
711 1253 766 1291 non
780 1236 987 1292 contumeliosus
1005 1235 1033 1289 in
1051 1235 1176 1309 capitulo,
1197 1253 1253 1290 non
1269 1236 1416 1309 negligens

356 1361 385 1415 in
398 1360 568 1425 monasterio,
582 1374 637 1412 non
650 1358 752 1411 etfusns
763 1357 793 1412 in
805 1357 952 1423 refectorio,
965 1357 1091 1427 frequens
1102 1356 1130 1410 in
1144 1358 1270 1428 orations,
1284 1356 1417 1413 discretus

353 1479 385 1533 in
396 1478 569 1545 eonfessione,
582 1478 705 1533 assiduus
716 1478 744 1531 in
756 1477 879 1543 lectione,
891 1476 1016 1549 profusus
1030 1477 1059 1531 in
1077 1476 1248 1539 herimarum
1265 1478 1410 1545 effusione,

355 1598 446 1671 largus
459 1598 487 1651 in
500 1615 648 1671 pauperum
658 1597 837 1663 miseratione,
849 1596 985 1651 ardensis
1003 1595 1235 1667 contemplatione,
1248 1596 1368 1651 sffsbilis
1383 1598 1412 1651 in

351 1719 486 1790 hospitum
499 1718 675 1789 susceptione.
712 1718 803 1771 Panos
815 1724 842 1771 et
854 1735 917 1772 vera
928 1718 980 1770 sint
992 1716 1097 1787 eloquis
1107 1717 1159 1770 oris
1165 1718 1214 1770 tui.
1252 1716 1351 1772 Proonl
1360 1735 1376 1773 s
1385 1725 1412 1771 te

352 1837 498 1901 simulatio,
512 1836 590 1889 dolus
599 1854 739 1907 nunqnam
750 1838 780 1889 in
792 1836 879 1901 eorde,
893 1836 964 1891 frsur
976 1852 1113 1907 nunquam
1125 1837 1153 1890 in
1167 1836 1245 1891 corde
1257 1844 1312 1891 tuo.
1350 1836 1412 1891 Prae

357 1954 443 2010 oculis
461 1954 541 2011 timor
557 1955 672 2021 divinus,
688 1972 746 2026 prae
761 1954 886 2009 mentius
899 1955 995 2009 beetur
1012 1954 1181 2009 Benedictus.
1219 1955 1305 2010 Extrs
1320 1955 1412 2011 Deum

354 2075 425 2129 nihil
438 2072 788 2146 sgns,e1trsBenedioturn
800 2072 868 2127 nihil
879 2071 1028 2146 precipias.
1064 2072 1175 2127 valete!

416 2528 461 2579 43.
480 2523 610 2599 Pnlonl
628 2523 865 2580 MOLISMENSI
885 2524 1102 2589 russonum*
1119 2524 1173 2579 An
1191 2524 1242 2589 EA
1259 2524 1352 2591 QUAE.

737 2642 960 2698 SCRIPSERAT
979 2643 1027 2698 EI.

390 2789 504 2853 linires
522 2789 557 2841 G.
576 2789 691 2843 Cnnrsrr
710 2806 811 2843 servus
830 2807 924 2844 esrosr
943 2789 1122 2847 Monrsusnsr
1141 2806 1274 2845 sinnrsn.

392 2907 582 2966 Samiissimae
604 2907 735 2980 passionis
755 2915 784 2964 et
807 2908 1007 2963 resurrectionis
1025 2908 1177 2963 Dominioae
1195 2909 1319 2964 solennes
1336 2910 1414 2965 feriae

346 3023 409 3080 dies
424 3042 487 3080 oum
497 3026 554 3083 suis
564 3026 645 3093 horis,
655 3027 777 3081 membru
795 3044 856 3081 oum
872 3026 926 3083 suie
942 3026 1037 3081 officiis
1055 3044 1110 3081 non
1128 3027 1261 3090 immerite
1276 3028 1409 3091 honnus

351 3145 533 3201 vindicarunt.
572 3145 645 3207 Quid
657 3147 729 3200 enim
740 3146 832 3218 digitis
850 3144 917 3201 meis
934 3162 995 3199 oum
1013 3144 1115 3199 esismo
1133 3146 1227 3202 scribae
1246 3146 1275 3204 in
1291 3144 1336 3201 die
1352 3162 1408 3219 qus

349 3260 513 3319 distenditur
524 3266 553 3318 in
565 3282 644 3319 ornos
656 3263 768 3318 dilectus
781 3281 815 3317 ex
827 3263 933 3329 diiecto,
947 3264 993 3335 qui
1005 3264 1091 3327 notus
1103 3272 1144 3318 est
1155 3281 1260 3336 sponsae
1275 3281 1331 3319 suae
1349 3264 1404 3319 fas·

341 3378 449 3437 vsiunins
470 3381 607 3453 myrrhaef
631 3380 731 3436 Munus
754 3380 863 3435 Domini
880 3382 1017 3438 tornatiles
1035 3400 1124 3437 sureae
1142 3382 1231 3455 plenos
1247 3382 1404 3455 hyacinthis

355 3499 438 3555 oloris
448 3499 625 3572 perforantur,
638 3509 665 3555 et
674 3515 771 3556 monus
782 3516 842 3555 men
854 3498 888 3554 sd
900 3498 974 3553 alind
986 3517 1067 3571 qnsm
1079 3499 1114 3555 sd
1126 3500 1262 3573 myrrham
1273 3500 1404 3555 distillas*

349 3618 414 3674 dsnr
435 3618 649 3693 probatissimam
672 3617 855 3691 occupabitur.
891 3618 924 3673 ln
942 3636 997 3673 uno
1013 3620 1150 3674 sordonum
1169 3628 1197 3675 et
1213 3619 1242 3673 in
1260 3635 1315 3674 uno
1334 3618 1408 3675 crine

344 3738 409 3798 eollt
421 3756 526 3809 sponsos
537 3738 706 3793 vulneratum
719 3746 761 3793 est
772 3756 819 3793 eor
831 3740 895 3811 ejus,
905 3746 932 3793 et
945 3756 990 3793 oor
1001 3755 1090 3794 meum
1102 3740 1401 3811 insnisetsuperrseus

350 3855 536 3912 medicabitur.
572 3855 665 3914 Potius
675 3854 792 3927 resignet
803 3855 860 3911 dies
871 3856 932 3912 hmo,
950 3856 981 3911 in
997 3857 1098 3911 affeetu
1112 3857 1257 3914 Chn'stisni
1274 3858 1403 3913 effectura

348 3973 487 4031 morientis
497 3973 605 4041 Christi,
617 3974 829 4046 compassionem
841 3974 872 4027 in·
885 3974 1019 4040 membris,
1039 3974 1271 4034 mortificationem
1288 3976 1317 4031 in
1333 3992 1400 4041 eon·

346 4095 525 4170 oupisesnffis,
538 4094 715 4167 expistiosem
728 4112 747 4149 s
763 4094 841 4162 vitiis,
861 4094 1097 4153 conformationem
1115 4096 1142 4153 in
1162 4095 1257 4153 officiis
1274 4096 1398 4153 ueritatis.
