3100 5192
322 457 358 512 ω
730 446 766 499 G.
785 446 910 500 Amris

321 609 432 664 maaria
443 607 559 678 quidem,
574 621 635 677 quae
647 611 688 658 cst
699 603 826 658 carissimi
839 602 890 655 filii
905 599 990 654 nocui
1007 597 1145 652 translatio
1161 596 1197 650 ad
1210 614 1266 660 ros,
1283 596 1383 668 potius

319 745 424 799 semper
435 725 513 780 silere
524 725 566 778 vel
579 723 720 778 instantius
732 723 797 776 flers
814 739 896 791 quam
910 719 1025 774 scribare
1039 717 1174 772 admomt.
1218 717 1374 771 Sanctitatis

318 847 391 902 enim
401 854 497 900 vestrm
509 842 657 898 reverentia
672 850 766 894 sancta
782 848 809 894 et
826 839 908 910 digna
925 838 1016 908 exigit.
1059 837 1155 907 Itaque
1170 830 1225 889 non
1245 835 1374 906 qumhbet

287 1017 298 1026 ,
315 965 388 1022 Ιοιίι
399 973 426 1018 et
437 963 574 1030 reciderit,
586 961 634 1016 sed
645 961 725 1015 fortis
735 967 763 1013 et
774 958 893 1014 coelestia
904 957 984 1011 debet
995 973 1136 1020 assumere,
1150 955 1196 1026 qui
1213 955 1288 1010 vobis
1306 973 1369 1027 pro·

316 1085 393 1156 ponit
405 1085 527 1140 scribere.
572 1081 643 1142 Quid
654 1089 743 1134 autem
755 1080 866 1134 carimte
883 1078 985 1143 fortius,
999 1095 1059 1148 quaa
1079 1077 1155 1130 fortis
1173 1084 1213 1130 est
1228 1084 1260 1129 ut
1276 1094 1348 1130 mors
1360 1077 1372 1128 l

318 1203 384 1276 quid
396 1203 538 1266 coelestius,
552 1217 613 1272 quse
625 1200 705 1254 etiam
716 1199 865 1253 coelesuom
877 1216 985 1252 omnem
996 1205 1139 1268 exasperat
1148 1197 1274 1250 sensum?
1294 1196 1330 1253 llt
1341 1197 1375 1252 de

318 1324 368 1379 hac
393 1322 501 1393 quidem
526 1328 656 1392 quantum
675 1319 710 1373 ad
728 1326 848 1372 nostrum
866 1337 895 1373 se
912 1319 1042 1371 inclinare
1060 1318 1171 1388 dignata
1189 1326 1229 1372 est
1246 1318 1377 1372 sensum!

318 1439 487 1510 evangelium
497 1438 564 1494 illud
576 1436 698 1503 dicimus,
711 1437 775 1507 quia
788 1436 914 1508 majorem
925 1436 977 1489 bac
988 1453 1015 1489 n.
1028 1436 1055 1488 h.
1068 1453 1096 1488 u
1108 1453 1133 1488 a.
1147 1444 1169 1489 s.
1182 1453 1226 1506 po.
1235 1453 1261 1505 q.
1270 1454 1298 1506 p.
1309 1454 1334 1489 a.
1344 1453 1366 1488 ι.

318 1561 419 1624 Quanti
441 1561 523 1630 igitur
546 1559 618 1632 apud
641 1577 728 1617 meam
748 1560 927 1614 humilitatem
950 1566 1065 1612 vestram
1088 1558 1232 1629 profecerit
1255 1557 1373 1619 dilectio,

321 1683 443 1738 estimare
455 1681 561 1751 poterit,
575 1681 621 1750 qui
633 1680 704 1751 quod
716 1699 764 1751 pro
777 1698 811 1734 ea
822 1679 985 1751 reposuerim
996 1679 1112 1748 pretium
1124 1677 1266 1747 diligenter
1280 1695 1375 1748 pensa

320 1798 395 1862 verit.
442 1798 519 1852 Certe
537 1815 592 1852 non
608 1817 710 1863 aurum,
730 1799 777 1852 sed
794 1799 881 1852 virum
897 1797 1045 1851 secundum
1061 1816 1107 1852 cor
1124 1815 1221 1863 meum,
1236 1805 1307 1850 certe
1319 1814 1373 1850 non

320 1923 469 1987 argentum,
483 1915 530 1968 sed
543 1933 622 1986 quem
633 1916 767 1972 habebam
780 1925 910 1987 tanquam
920 1916 1098 1987 unigenitum,
1112 1924 1184 1970 certa
1200 1933 1255 1978 npn
1269 1915 1374 1986 lapidee

318 2038 458 2109 pretiosos,
472 2038 519 2092 sed
530 2038 648 2109 lapidem
661 2019 740 2109 ouem
753 2056 890 2092 erexeram
901 2038 967 2092 mihi
978 2039 1006 2091 in
1019 2038 1141 2110 specialis
1153 2037 1250 2093 amoris
1267 2037 1375 2090 titulum

317 2158 347 2212 iu
359 2158 411 2210 hoc
423 2158 552 2227 propositi
565 2158 729 2212 commercio.
766 2157 836 2222 Scio,
848 2174 899 2210 nec
911 2175 1019 2228 prorsus
1030 2157 1132 2222 dubito,
1145 2157 1252 2227 quodsi
1269 2175 1375 2209 omnem

321 2274 497 2328 substantiam
509 2272 603 2326 domus
614 2291 682 2326 mese
695 2273 814 2327 dederim
825 2293 874 2345 pro
887 2284 980 2328 sancto
990 2294 1081 2330 amore
1093 2284 1189 2340 vestro,
1201 2275 1270 2329 nihil
1285 2283 1375 2331 tamen
1475 2281 1479 2288 '

319 2394 347 2445 in
371 2391 523 2462 operatione
547 2391 620 2446 illius
642 2392 785 2446 attulerim.
823 2393 866 2445 De
888 2400 979 2447 monta
1002 2411 1119 2464 namque
1146 2395 1197 2449 Dei
1219 2411 1274 2448 non
1298 2411 1373 2450 amor

320 2512 423 2578 mundi,
436 2511 484 2569 sed
496 2530 571 2565 amor
583 2512 645 2566 coeli
656 2511 802 2579 descendit,
815 2531 870 2566 non
884 2514 996 2568 carnalia
1008 2531 1091 2578 amor,
1102 2513 1283 2584 quiunquam
1293 2514 1377 2574 nubes

320 2631 453 2686 matutina
462 2632 605 2702 pertransit
614 2651 622 2698 ;
641 2631 688 2685 sed
701 2641 793 2690 eterna
805 2632 908 2697 caritas,
922 2650 984 2702 qum
1001 2650 1140 2702 nunquam
1158 2632 1267 2689 excidit.
1314 2633 1377 2689 Non

322 2748 393 2802 enim
410 2748 506 2816 recipit
517 2748 719 2812 estimationem,
738 2749 812 2818 quod
830 2767 937 2802 omnem
953 2750 1061 2803 excedit
1077 2750 1273 2810 attendentium
1291 2751 1377 2811 licita

322 2864 431 2918 tionem.
469 2862 562 2916 Divini
573 2863 704 2932 siquidem
715 2864 813 2920 amoris
825 2867 984 2920 suavitatem
994 2875 1147 2929 sanctarum
1158 2869 1307 2924 animarum
1318 2869 1379 2940 pius

323 2967 426 3040 redolet
438 2993 527 3038 amor:
555 2983 677 3053 etquid?
702 2984 821 3038 humana
838 2994 981 3056 paupertas
995 2987 1107 3058 dignum
1122 2989 1375 3059 recompensationis

322 3123 377 3160 non
391 3105 478 3160 dicam
491 3105 525 3158 ed
538 3122 682 3175 supernum
695 3123 821 3170 amorem,
834 3107 882 3160 sed
900 3107 994 3169 saltem
1012 3107 1047 3160 ad
1062 3109 1208 3178 quamlibet
1223 3118 1377 3171 sanctorum

327 3225 514 3296 dignationem,
528 3225 556 3277 in
567 3179 776 3280 omnibhesauro
788 3226 888 3296 inopiae
900 3229 1014 3298 copiosae
1027 3230 1188 3285 abundantis
1199 3197 1314 3301 reperire
1331 3250 1379 3302 pc-

337 3346 392 3398 erit.
447 3344 516 3395 Sane
528 3343 567 3395 nil
579 3342 691 3396 sanioris
703 3344 768 3398 mihi
785 3346 890 3400 videtur
904 3348 1005 3404 adhoc
1021 3351 1133 3416 consilii,
1149 3367 1231 3420 quam
1244 3359 1275 3404 ut
1291 3352 1379 3422 gratia

333 3463 485 3535 ependatur
498 3481 547 3535 pro
559 3463 654 3534 gratia,
669 3464 703 3518 ad
719 3465 792 3520 illius
810 3467 992 3534 imitationem,
1011 3471 1057 3541 qui
1072 3471 1160 3542 potius
1175 3489 1210 3525 cx
1230 3471 1380 3524 abundanti

223 3619 226 3626 ·
324 3605 404 3658 quam
422 3604 457 3641 ex
475 3586 613 3657 indigenti,
632 3604 687 3640 non
706 3587 779 3642 aliud
797 3605 877 3659 quam
894 3589 1009 3658 gratiam
1033 3589 1101 3642 solet
1123 3590 1186 3643 dare
1210 3607 1259 3660 pro
1282 3590 1377 3659 gratia.

326 3710 422 3775 ltaque
434 3713 462 3758 et
473 3723 523 3775 ego
535 3695 631 3775 gratim¹
642 3713 737 3758 vestre
749 3705 848 3774 gratias
860 3723 919 3776 ago,
930 3723 985 3759 non
997 3714 1087 3760 tamen
1100 3724 1191 3772 vanas,
1204 3725 1259 3760 non
1271 3725 1378 3772 vacuas,

322 3825 371 3878 sed
379 3824 448 3876 ultra
455 3824 613 3879 facultatum
625 3841 745 3878 mearum
759 3825 945 3879 sufficientiam
958 3827 1046 3896 largas
1056 3836 1082 3880 et
1090 3826 1195 3880 divites.
1232 3828 1294 3882 Non
1304 3828 1376 3882 euim

325 3940 359 3996 dc
383 3955 446 3992 arca
469 3939 518 3992 sed
540 3939 574 3992 de
601 3939 770 4005 conscientia,
790 3944 845 3995 non
863 3943 897 3996 de
913 3942 998 3997 fundo
1015 3944 1150 4015 marsupii,
1170 3944 1217 3998 sed
1230 3945 1268 4000 de
1285 3944 1380 3998 intimo

326 4059 422 4126 cordis,
434 4077 488 4119 nou
501 4059 534 4116 de
553 4058 730 4131 suppellectili
748 4059 852 4125 domus,
863 4061 914 4116 scd
933 4061 967 4118 de
984 4063 1085 4118 intimis
1105 4064 1254 4120 visceribus
1269 4063 1377 4135 protero

1543 4604 1545 4741 l
