3100 5192
533 518 689 600 nm'vaam
707 562 853 601 caucana.
1092 619 1096 626 ι
1182 548 1215 601 79

163 691 290 767 apabulo
301 695 372 761 citoe,
386 696 420 751 ab
433 694 542 751 introitu
556 698 637 769 gutlac,
650 665 667 753 a
691 700 914 781 contemplationc
925 698 1003 755 facici
1015 699 1032 755 J
1034 716 1080 755 cau
1088 699 1144 773 jam
1156 702 1214 772 glo·

89 810 106 837 ⁸·
163 812 275 867 nificatae
288 820 316 867 ct
327 812 475 869 Dcificatae.
505 814 558 869 Sed
569 832 641 871 nuuc
648 788 823 896 jamncmitto
835 826 861 872 et
872 825 903 872 ut
914 834 957 871 mo
969 820 1217 873 commemoratione

96 938 101 959 ²
163 930 210 1002 pia
220 925 379 986 iu'humcria
391 927 485 987 vcatiia
497 910 923 1009 perieratiaadthrcnum'gloriae
931 936 1053 1011 deposco.
1088 938 1192 993 valete.

103 1048 106 1052 ’
199 1049 320 1105 Fratrum
336 1029 479 1118 Simonem,
490 1052 581 1108 lumcn
597 1039 735 1109 oculorium
745 1022 873 1121 meorum,
885 1064 988 1127 partem
1002 1057 1131 1113 viscerum
1146 1075 1218 1111 meo·

163 1185 233 1236 rum,
246 1164 372 1225 attention
384 1172 460 1227 vobit
473 1148 641 1226 commendo.

236 1753 289 1805 aa:
300 1749 449 1819 cisonii,
467 1750 516 1805 ou
532 1720 768 1825 'mantuam
786 1734 1052 1810 ιιιιιιιιιιιιιιιιι
1071 1714 1147 1810 aaa

201 1869 265 1923 Sota
278 1887 312 1924 aa
324 1870 429 1925 Μοιιιιι
441 1870 505 1936 Dat,
519 1888 585 1925 auoa
598 1870 641 1937 G„
651 1890 668 1925 a
681 1889 834 1926 οιιιιιιιιιι
851 1890 1022 1927 canusinam
1045 1892 1074 1927 nt
1087 1892 1216 1950 conanna-

166 2002 232 2042 m.

200 2108 341 2162 Venerunt
351 2108 401 2161 filii
411 2126 494 2181 usquo
506 2107 541 2163 ad
551 2120 664 2181 partum,
677 2118 705 2163 ct
716 2118 821 2182 tempus
837 2128 892 2165 non
908 2118 950 2165 cst
966 2111 1105 2183 pariendi:
1124 2129 1219 2167 manua

165 2227 201 2282 ad
210 2226 409 2281 rcacnitendum
422 2227 573 2297 parabatur,
587 2226 691 2281 unimus
703 2227 738 2281 ad
750 2228 914 2294 dictantium,
927 2228 1001 2282 locun
1013 2228 1048 2282 ad
1061 2229 1217 2295 cedendum,
1304 2250 1315 2277 ι

165 2352 194 2403 ot
204 2366 267 2405 cccc
279 2356 374 2401 vontus
389 2348 595 2419 occupationum
612 2348 704 2401 nuncii
720 2349 810 2415 veatri,
823 2350 884 2403 vcia
897 2366 1030 2421 occupans
1045 2350 1145 2421 navigii
1157 2368 1219 2405 noo·

165 2465 208 2531 tri,
222 2463 257 2519 ad
268 2472 375 2536 portum
386 2464 485 2519 silentii
492 2465 605 2518 retorsit.
641 2464 714 2524 Quid
723 2466 816 2519 enimi
833 2466 930 2520 Nonne
934 2466 1078 2538 jucundius
1088 2474 1115 2521 ct
1123 2467 1218 2539 volup·

166 2584 268 2639 'ttiooiua
279 2584 407 2656 paulatim
425 2584 518 2637 vinum
531 2583 641 2647 bonum,
660 2582 731 2653 quod
749 2583 872 2637 servastis
883 2600 969 2655 usquc
987 2584 1083 2650 adhuc,
1094 2602 1143 2656 per
1153 2593 1220 2639 tem·

165 2721 217 2777 pua
229 2711 256 2758 ct
267 2710 386 2775 tampora
403 2700 594 2772 degustabitur,
613 2718 694 2773 quam
710 2719 765 2757 uno
783 2702 882 2757 haustu
900 2720 959 2757 cum
976 2703 1074 2759 damno
1092 2705 1219 2776 optcndae

167 2823 307 2876 auavitatia
316 2822 480 2893 deglutitur?
497 2821 554 2875 Etsi
564 2821 638 2876 cuim
647 2822 691 2876 vel
702 2821 730 2875 iu
742 2822 857 2876 transitu
868 2822 989 2877 desidero
1002 2840 1048 2877 voa
1061 2823 1160 2890 vidore,
1168 2823 1221 2877 aal-

166 2947 222 2996 tcm
233 2941 296 2995 nolo
315 2941 344 2995 in
363 2940 476 2995 transitu
487 2940 619 2996 scribere:
637 2940 745 3011 gustavi
763 2948 791 2993 et
809 2939 873 3006 vidi,
887 2941 951 3011 quic
968 2941 1040 2995 bonu
1053 2949 1093 2994 eat
1114 2942 1218 3013 nogoti-

164 3063 236 3117 ratio
248 3071 344 3118 vestra
379 3062 558 3132 Nequaquam
566 3078 662 3115 manua
677 3069 774 3114 vestrae
787 3061 815 3114 in
832 3062 947 3132 cophino
966 3062 1100 3128 cervinum
1119 3078 1220 3133 nequo·

166 3198 250 3253 quam
276 3181 397 3235 civitates
428 3180 540 3251 AEgypti
559 3178 587 3232 in
610 3179 667 3236 luto
685 3188 712 3233 et
734 3179 818 3233 latere
845 3187 1009 3245 construunt,
1034 3178 1081 3235 aed
1105 3195 1218 3251 qumque

145 3308 148 3314 ’
167 3298 284 3372 pretiosa
304 3305 332 3353 ct
356 3298 477 3369 speciosa
499 3296 653 3368 requirunt:
679 3296 726 3351 acd
748 3297 839 3351 fusum
866 3304 894 3352 et
921 3297 1011 3351 fusum
1039 3296 1074 3353 ad
1100 3297 1218 3353 nendum

168 3410 436 3489 ciaccontexendum
447 3414 577 3471 rationale
585 3423 612 3469 ct
625 3414 849 3487 auperhumerole,
860 3425 887 3469 ct
898 3425 995 3470 caetera
1007 3416 1103 3471 summi
1114 3416 1220 3488 pontifi·

167 3532 207 3589 cia
224 3532 341 3603 insignio
360 3541 517 3587 ornamenta
535 3531 757 3605 apprehendunt:
773 3533 838 3586 hinc
856 3540 896 3585 eat
916 3532 987 3603 quod
1005 3549 1060 3587 noa
1081 3533 1115 3587 de
1135 3534 1220 3605 atupia

168 3670 314 3726 aynagogae
326 3662 495 3724 peccatorum
506 3652 639 3723 grossiora
654 3650 813 3705 vestimenta
828 3650 924 3704 animae
937 3657 1032 3704 voatrae
1050 3649 1163 3705 delicate
1174 3668 1221 3722 ap·

168 3774 284 3847 ponitis:
301 3789 389 3843 neque
402 3759 494 3826 contra
504 3771 592 3842 legem
604 3788 638 3824 cx
649 3770 712 3824 lana
723 3770 832 3841 linoque
844 3767 1001 3824 vestimento
1012 3768 1161 3835 induimini,
1172 3770 1221 3824 aed

169 3891 324 3947 abdicantca
335 3890 440 3946 occulta
451 3878 588 3944 dadecoria
599 3889 696 3943 facicm
706 3856 811 3953 locatio,
824 3897 905 3960 caput
915 3888 1026 3960 ungitis,
1037 3898 1063 3943 ct
1072 3886 1105 3941 de
1116 3888 1220 3943 velleri·

169 4012 221 4066 buc
232 4008 320 4067 ov'ium
334 4015 480 4067 vestrarum
493 4010 629 4065 venientes
640 4010 674 4063 ab
686 3973 811 4080 aquilona
821 4008 979 4063 calefacitis:
999 4026 1081 4080 quum
1093 4009 1173 4063 etiam
1185 4007 1220 4062 ‹lc

171 4131 336 4188 confectione
349 4136 444 4188 aecum
455 4129 635 4202 intcgemimae
646 4128 822 4203 aimplicitatic
834 4115 956 4201 exempla
968 4134 1107 4183 sumuntur
1121 4132 1221 4182 cancta
