3100 5192
754 530 787 580 G.
810 530 932 582 Asseris

363 803 411 871 [lu
431 820 522 855 consu
541 820 645 866 comcs,
664 802 683 854 f.
705 804 782 864 1460,
803 818 850 853 ser
869 817 995 853 srrsrons
1014 798 1109 851 Ivorus
1127 794 1318 849 Csnnorsnsrs

759 920 919 989 secessim]

346 1040 395 1093 lvo
414 1040 469 1092 Des
486 1057 589 1092 enirm
608 1038 796 1091 Csnnorsssrs
816 1054 949 1090 recussis
968 1054 1101 1089 urursrnn
1121 1035 1226 1087 Pourm
1245 1048 1366 1084 vnusns-

308 1176 365 1211 nrm
392 1158 618 1211 Causmcsusrurs
645 1176 752 1222 ssssrr,
785 1174 814 1209 ns
844 1173 980 1209 nsornnus
1007 1172 1060 1208 srsr
1088 1169 1220 1206 couursso
1246 1167 1367 1203 essessa

714 1293 810 1328 sunno
839 1292 964 1327 sacroru.

346 1394 476 1453 Quaesivit
495 1411 512 1446 s
532 1394 663 1463 parvitate
685 1410 728 1445 me
747 1392 865 1463 prudens
886 1391 1024 1461 diligentia
1045 1398 1072 1444 et
1093 1389 1207 1459 diligens
1227 1385 1371 1457 prudentia

314 1522 409 1577 vestra,
424 1514 489 1584 quid
500 1512 566 1565 mihi
578 1513 728 1582 significare
741 1512 862 1566 videatur
875 1512 964 1565 calicis
972 1511 1085 1564 elevatio
1095 1517 1121 1563 et
1130 1508 1250 1579 ejusdem
1271 1507 1372 1577 reposi-

315 1632 368 1685 tio:
388 1632 453 1703 quid
465 1632 615 1701 significent
626 1631 681 1684 illae
694 1631 906 1701 consignationes
920 1647 980 1699 quae
993 1629 1062 1681 fiunt
1074 1644 1154 1698 super
1169 1626 1288 1690 calicem,
1300 1626 1369 1679 intra

312 1758 339 1802 ct
351 1758 433 1813 extra,
447 1768 508 1820 quae
522 1750 701 1819 praetermissa
712 1749 837 1803 videntur
856 1749 885 1801 in
899 1747 990 1801 libello
1011 1764 1091 1817 quem
1105 1745 1232 1817 proposui
1244 1744 1288 1796 Ds
1303 1762 1366 1797 con·

313 1884 464 1919 vssrrnrrs
492 1866 615 1919 Varronis
642 1884 675 1918 sr
705 1866 778 1918 Novr
801 1865 999 1931 Tssrsusnr13
1029 1882 1089 1935 quae
1111 1864 1172 1917 ideo
1191 1863 1372 1933 praetermissa

312 1985 438 2037 videntur
449 1984 523 2047 mihi,
538 1992 564 2037 et
577 1983 612 2036 ad
625 1984 700 2037 illam
712 1984 935 2049 convenientiam,
949 1984 982 2037 de
996 2001 1050 2054 qun
1071 1982 1198 2053 opusculo
1212 1982 1260 2034 illo
1275 1982 1372 2051 ageba-

315 2110 368 2167 tur,
381 2120 476 2173 parurn
489 2112 535 2155 aut
545 2103 611 2155 nihss
626 2104 759 2173 pertinere
773 2103 941 2156 videbantur.
974 2104 1063 2161 Quum
1075 2120 1140 2155 vero
1149 2102 1199 2153 ista
1210 2118 1257 2170 por
1271 2118 1298 2153 se
1310 2079 1372 2153 cori-

316 2212 476 2277 siderantur,
490 2214 634 2283 mysticum
648 2212 750 2283 aliquid
761 2214 896 2267 continere
909 2212 1033 2265 videntur
1045 2218 1144 2281 praeter
1154 2211 1213 2263 illas
1232 2211 1372 2280 consigna·

314 2329 401 2381 tiones
414 2345 474 2398 quae
487 2328 620 2382 distinctae
633 2336 695 2381 ante
707 2330 771 2381 istas
783 2330 810 2381 in
831 2330 915 2382 tribus
938 2329 1005 2381 locis
1024 2329 1236 2398 frequentantur.
1273 2329 1306 2380 ln
1325 2328 1366 2381 his

315 2447 387 2499 enim
400 2446 549 2516 specialiter
568 2444 722 2511 intenditur,
736 2455 767 2499 ut
775 2446 822 2499 illa
848 2446 919 2499 dona
939 2464 999 2517 quae
1014 2448 1072 2517 jam
1095 2453 1224 2500 vocantur
1244 2446 1373 2500 sacrificia

315 2564 342 2617 iu
355 2564 454 2617 Christi
466 2582 562 2634 corpus
582 2571 609 2615 et
628 2564 784 2633 sanguinem
806 2571 1007 2628 commutentur,
1028 2564 1071 2617 vel
1091 2572 1254 2617 commutata
1276 2564 1373 2635 spluta-

314 2680 355 2732 ria
378 2680 455 2733 nobis
480 2679 638 2733 efficientur.
666 2681 755 2738 Quum
780 2686 869 2732 autern
893 2680 970 2750 panis
987 2688 1014 2733 et
1032 2680 1102 2732 calix
1121 2680 1241 2733 adhibito
1260 2680 1373 2734 diacono

316 2797 445 2862 elevatur,
456 2798 582 2851 exaltatio
595 2798 712 2866 corporis
724 2797 822 2850 Christi
833 2798 860 2850 in
883 2814 960 2851 cruce
973 2806 1201 2861 commemoratur,
1222 2799 1293 2867 quod
1311 2816 1374 2851 vero

318 2929 400 2980 quum
414 2911 568 2983 hostiajam
589 2919 742 2963 consecrata
764 2911 835 2963 iutra
857 2912 900 2964 vel
919 2929 999 2981 supra
1019 2912 1130 2965 calicem
1154 2914 1262 2981 signum
1283 2914 1369 2966 crucis

318 3030 485 3100 imprimitur,
504 3049 521 3082 a
535 3037 609 3101 parte
629 3029 718 3083 calicis
732 3028 853 3081 orientali
860 3045 944 3098 usque
967 3029 1002 3081 ad
1023 3028 1223 3095 occidentalem,
1238 3038 1265 3083 et
1285 3048 1374 3101 asep-

317 3145 565 3214 tentrionaliusque
583 3144 618 3197 ad
630 3144 782 3209 australem,
805 3144 856 3196 hoc
876 3144 986 3213 figurari
1006 3144 1188 3214 intelligimus,
1212 3145 1284 3213 quod
1311 3154 1373 3198 ante

319 3265 467 3334 passionem
482 3264 614 3316 Dominus
626 3263 764 3332 discipulis
782 3263 835 3316 suis
848 3263 973 3332 praedixit
984 3262 1012 3314 in
1032 3264 1290 3317 commendationem
1313 3282 1369 3317 suae

316 3382 459 3451 passionis,
471 3383 560 3440 Quum
572 3381 706 3433 exaltatus
722 3382 798 3433 luero
810 3399 826 3433 a
838 3390 915 3445 terra,
931 3382 1022 3433 omnia
1033 3382 1138 3434 traham
1150 3382 1184 3435 ad
1203 3400 1246 3435 me
1264 3383 1351 3453 ipsum
1366 3402 1372 3435 :

319 3496 406 3547 hostie
418 3513 534 3565 quoque,
548 3513 608 3564 quse
619 3495 698 3567 juxta
720 3495 831 3547 calicem
850 3496 1030 3565 consignatur,
1051 3498 1088 3549 sic
1109 3497 1189 3551 debet
1209 3515 1266 3551 esse
1278 3498 1372 3567 posite,

322 3624 354 3666 ut
366 3632 414 3667 sua
426 3623 452 3668 et
464 3615 554 3667 calicis
572 3615 702 3684 positione
717 3613 841 3666 dextrum
863 3613 962 3667 Christi
976 3616 1046 3668 latus
1067 3624 1247 3685 repraesentet,
1269 3616 1302 3669 de
1322 3634 1377 3686 quo

325 3733 445 3786 manavit
457 3733 565 3801 sanguis
584 3731 776 3801 redemptionis
796 3740 824 3785 et
844 3748 914 3802 aqua
937 3733 1114 3802 baptismatis,
1136 3751 1197 3802 quae
1217 3740 1331 3803 utraque
1350 3735 1378 3789 in

326 3852 408 3904 calice
430 3850 559 3902 contineri
580 3850 722 3919 prudentia
743 3858 832 3903 vestra
852 3869 906 3904 non
927 3852 1047 3921 ignorat:
1067 3860 1095 3903 at
1116 3870 1197 3921 quum
1217 3862 1376 3923 cooperante

325 3970 437 4021 diacono
449 3968 520 4020 calix
534 3967 682 4037 deponitur,
697 3973 725 4021 et
737 3968 826 4021 hostia
837 3970 865 4021 in
884 3987 931 4022 suo
952 3970 1012 4022 loco
1032 3970 1176 4040 reponitur,
1201 3978 1227 4023 et
1248 3971 1379 4041 corporali

325 4090 397 4159 palla
420 4087 576 4157 cooperitur,
602 4086 653 4139 hoc
677 4095 898 4141 commemoratur
923 4088 995 4162 quod
1021 4090 1121 4159 loseph
1156 4096 1181 4141 et
1205 4090 1376 4157 Nicodemus,
