3100 5192
348 645 382 696 38
793 659 818 694 o.
846 662 958 696 ssssrss

347 783 432 836 detur.
470 783 627 854 Principalis
638 783 757 856 proiecto
769 781 873 838 debitor
884 793 914 837 et
922 801 985 837 suus
1004 783 1108 837 eredior
1126 783 1161 835 ad
1177 781 1296 836 invicem
1308 784 1410 837 babent
1519 758 1521 871 l

348 904 472 968 actiones,
482 904 548 958 alius
557 903 693 970 directam,
702 905 769 958 alius
778 905 880 959 utilem.
911 904 963 957 Sed
972 903 1294 975 quidadiidejussoreml
1330 906 1406 958 Sem-

348 1045 396 1098 per
412 1027 565 1081 liberandus
592 1028 739 1100 fidejussor,
759 1029 894 1100 proposita
911 1028 1015 1081 actione
1032 1026 1208 1098 pignoraticia
1226 1043 1243 1078 a
1259 1025 1403 1097 principali

346 1149 465 1202 debitore
474 1159 566 1203 contm
578 1149 742 1213 creditorem,
756 1150 843 1203 soluto
849 1149 923 1220 prius
930 1149 1062 1204 duntaxat
1070 1149 1160 1202 debito
1168 1148 1405 1202 adrestituendum

351 1271 448 1340 pignus
456 1279 482 1322 et
492 1270 526 1322 sd
534 1269 703 1322 liberandum
711 1269 905 1341 fidejussorem.
942 1271 1004 1324 Hoc
1012 1268 1404 1323 iccitdominusWiutoniensis

351 1391 397 1443 sed
410 1409 463 1444 non
478 1391 640 1456 effecit‚nam
653 1391 811 1446 creditorem
824 1392 957 1457 convenit,
966 1392 1014 1445 sed
1024 1391 1103 1445 nobis
1109 1390 1207 1461 pignus
1219 1408 1274 1443 non
1281 1392 1404 1456 restituit,

347 1512 448 1566 idcirco
467 1513 523 1567 dixi
537 1513 610 1584 quod
623 1521 698 1568 curta
709 1531 750 1567 res
762 1522 810 1579 cst,
819 1513 904 1574 donec
912 1512 1063 1566 restitutum
1072 1512 1107 1565 sit
1114 1512 1198 1576 nobis,
1209 1511 1282 1581 quod
1290 1519 1396 1565 tenetur

351 1634 498 1704 pronubis.

385 1753 434 1805 Est
459 1761 485 1806 et
500 1755 578 1807 aliud
599 1755 748 1809 notandum
766 1755 795 1806 in
808 1755 919 1825 epistola
933 1761 1022 1807 vestra
1039 1754 1111 1824 quod
1125 1753 1285 1823 suspensive
1295 1760 1321 1805 et
1333 1753 1407 1806 inde·

347 1873 423 1925 sinite
451 1873 553 1926 dixistis
575 1874 640 1944 quid
664 1874 798 1944 agendum
819 1883 896 1939 esset,
922 1874 1042 1927 sednon
1078 1873 1194 1944 quando:
1225 1890 1313 1944 neque
1335 1873 1404 1926 diem

352 2013 439 2064 neque
458 1995 551 2048 boram
565 1996 704 2067 posuistis:
722 1996 790 2049 sorte
803 1996 866 2067 quia
879 2013 933 2049 non
946 2004 986 2049 est
997 2004 1119 2048 nostrum
1128 1995 1195 2048 scire
1206 2003 1336 2066 tempora,
1345 2014 1405 2065 quae

348 2117 379 2169 in
406 2126 536 2187 potestate
561 2137 608 2172 sua
633 2119 715 2172 babet
732 2118 856 2172 dominus
879 2118 1078 2172 wintoniensis.
1121 2118 1190 2182 Scio,
1203 2118 1318 2182 domine,
1350 2118 1403 2170 scio

348 2236 411 2306 quia
423 2237 451 2288 in
470 2237 637 2307 multiloquio
657 2257 710 2290 non
732 2238 807 2290 deest
823 2246 971 2307 peccatum
1009 2237 1145 2308 Ignoscite
1158 2239 1180 2290 si
1193 2238 1258 2309 quid
1270 2256 1403 2308 egressum

347 2365 387 2410 est
399 2357 432 2410 de
443 2357 520 2410 labiis
533 2358 637 2424 nostris,
652 2359 723 2429 quod
744 2359 832 2412 minus
845 2366 948 2412 rectum
961 2367 1096 2429 »appareat
1107 2360 1135 2411 in
1148 2358 1231 2413 oculis
1249 2360 1351 2412 vestris.
1365 2359 1405 2412 Ut

347 2489 436 2533 tamen
449 2480 499 2533 hoc
513 2479 646 2545 auderem,
659 2498 706 2532 vos
718 2480 885 2533 occasionem
897 2478 1013 2533 dedistis.

850 2861 892 2911 ll.

351 2981 520 3035 Vnssnssrnr
553 2982 724 3034 Anssrrssss
756 2981 977 3034 Fosrrsssnsnor
1007 2980 1047 3033 M.
1067 2996 1172 3035 rascas
1210 2979 1253 3044 G„
1285 2980 1401 3033 Cnsrsrr

345 3121 445 3156 suavus
459 3121 590 3156 rsorcuus
603 3122 669 3157 suus
683 3121 711 3156 ss
724 3103 847 3156 Cnnrsro
860 3120 960 3155 siricus
973 3118 1096 3154 assessis
1110 3119 1143 3154 sr
1162 3117 1285 3154 crossen
1306 3118 1401 3154 ssossr

345 3241 456 3275 transl.

364 3344 516 3441 Inspector
528 3367 748 3422 conscientiarum
765 3367 839 3420 Deus
860 3374 887 3420 et
907 3368 981 3420 testis
1004 3368 1078 3420 norit
1098 3366 1194 3436 quibus
1218 3365 1399 3436 dignationem

343 3503 459 3567 vestram
470 3491 623 3564 praecordiis
635 3489 793 3562 exceperim,
807 3507 888 3562 qnam
899 3487 1201 3560 incomprehensibiliter
1212 3487 1247 3539 ad
1266 3486 1399 3540 consider-

338 3619 459 3673 ationem
485 3616 571 3670 mutui
596 3613 693 3668 amoris
717 3613 900 3677 exultaverim,
912 3628 1045 3683 quamque
1069 3607 1313 3679 incomparabiliter
1326 3607 1397 3661 omni

342 3761 406 3795 auro
418 3739 624 3792 familiaritatem
636 3743 750 3788 vestram
762 3733 934 3805 praetulerim.
982 3731 1070 3786 Unica
1081 3729 1213 3800 siquidem
1225 3738 1252 3783 et
1267 3746 1335 3798 pura
1354 3746 1398 3780 me

341 3861 417 3913 vobis
441 3859 513 3930 prius
538 3856 690 3911 conciliavit
711 3855 806 3928 gratia,
819 3862 876 3908 tum
888 3853 985 3907 deinde
997 3850 1144 3923 ampliandi
1151 3848 1397 3919 amorismultiplex

341 3981 494 4054 supervenit
505 3996 593 4031 causa.
628 3976 683 4030 Ubi
697 3976 768 4030 enim
781 3975 856 4029 nulla
873 3992 982 4048 operum
997 3971 1136 4045 praeludia,
1153 3968 1228 4023 nulla
1241 3968 1398 4040 praecedunt

340 4103 490 4158 officiorum
499 4099 690 4164 blandimenta,
699 4097 771 4151 unde
787 4113 904 4150 amorem
917 4092 1031 4148 dixerim
1037 4089 1182 4163 procedere
1194 4087 1246 4141 nisi
1255 4106 1289 4140 ex
1300 4086 1397 4158 gratia?

339 4225 409 4278 Haec
422 4223 493 4279 enim
506 4229 629 4293 operatur
640 4219 755 4274 motibus
778 4215 891 4290 propriis
903 4224 930 4268 et
947 4197 1099 4285 spontaneis
1116 4211 1145 4263 in
1163 4208 1241 4263 corde
1253 4208 1392 4260 hominum

339 4349 396 4402 sine
415 4345 581 4419 poenitentia,
593 4361 653 4396 cum
663 4343 746 4397 multa
762 4340 910 4393 reverentia
924 4345 951 4390 et
964 4338 1063 4405 absque
1083 4332 1233 4386 invidorum
1249 4330 1392 4383 calumnis.
