3100 5192
295 470 347 520 lot
733 468 769 521 G.
789 468 911 522 Annene

296 624 355 677 eine
367 621 545 695 adjunctione·
552 622 644 693 nllqne
653 622 682 676 in
694 622 837 695 scripturis
848 624 964 696 ponitur,
979 624 1091 695 Spiritus
1107 622 1221 680 Sanctus
1232 632 1305 679 recte
1317 625 1358 679 in·

296 743 432 814 telligitnr.
455 743 484 795 Si
491 748 580 797 nutem
592 742 742 796 intellector
749 744 808 814 jnm
820 742 907 797 dictus
915 742 949 797 de
957 750 1047 797 creato
1054 742 1157 815 Spiritu
1165 744 1268 799 dictum
1276 764 1354 818 pror·

296 881 341 917 eur
350 861 537 927 contenderet,
548 880 600 915 nec
610 860 701 915 minor
711 862 803 916 abusio
815 879 896 933 quem
908 862 942 916 de
952 862 1070 916 increato
1082 864 1204 935 nuperius
1215 872 1352 918 ostensum
1374 866 1376 868 ’

295 989 499 1038 entremnneret.
535 982 590 1041 Qui
597 982 669 1035 enim
680 981 783 1053 pugillo
795 982 959 1037 concludens
971 984 1062 1037 omnia
1074 990 1151 1037 extro
1162 990 1190 1037 et
1201 984 1274 1037 intre
1282 984 1354 1038 inire

298 1111 326 1157 et
344 1118 425 1173 cupre
445 1100 558 1171 easque
576 1101 680 1155 ratione
699 1100 804 1155 medius
821 1099 925 1155 dicntru
936 1109 964 1155 et
982 1102 1029 1173 qui
1045 1099 1256 1173 comprehendat
1272 1118 1354 1156 nemo

297 1229 345 1278 eet
380 1221 508 1275 Clnmitre
519 1227 606 1274 totum
617 1237 661 1272 me
668 1218 796 1273 effudisse
803 1220 925 1290 spiritum
935 1236 1033 1275 meum.
1070 1219 1143 1280 Quid
1152 1220 1245 1274 enim?
1263 1221 1356 1280 Quum

298 1341 348 1395 tibi
368 1338 487 1405 emendo,
506 1355 562 1393 non
574 1336 694 1404 effundo,
708 1338 756 1392 red
768 1337 892 1393 infundo.

427 1818 473 1871 45,
493 1816 546 1870 ΑΙ)
563 1814 726 1870 EUNDEM
745 1816 797 1870 DE
814 1814 1036 1877 QUAESTIONE
1054 1816 1228 1879 QUADAM.

332 1939 460 1995 Nicone
472 1954 522 1991 roo
535 1935 571 1992 G.
584 1952 658 1990 rouo.

333 2057 454 2114 Mirubdi
465 2055 586 2111 conditer
596 2072 690 2129 onpore
699 2054 792 2111 literne
809 2054 929 2110 aviditati
940 2072 1008 2112 mere
1025 2055 1165 2127 opponitis,
1174 2055 1280 2127 quoties
1291 2056 1355 2111 ecri-

299 2179 369 2235 bins.
404 2177 443 2231 Ut
453 2177 525 2231 enirn
536 2176 627 2230 veraci
638 2176 724 2232 amico
735 2176 865 2230 veraciter
874 2176 970 2246 loquer
977 2175 1045 2229 illud
1052 2194 1120 2248 pene
1128 2176 1266 2249 proprium
1279 2176 1353 2248 apud

295 2318 340 2357 me
350 2298 461 2363 hebent,
473 2297 520 2368 qui
532 2296 616 2350 edunt
626 2314 670 2349 me
681 2296 769 2351 edhuc
781 2314 828 2351 eeu
840 2304 867 2351 et
879 2298 924 2367 qui
936 2298 963 2350 b.
976 2314 1013 2351 m.
1026 2316 1050 2351 e.
1064 2316 1085 2351 ι.
1122 2296 1184 2367 Ipse
1197 2304 1288 2349 entem
1299 2294 1351 2351 etei

296 2421 434 2495 imperitus
445 2436 505 2474 eum
517 2388 587 2491 etylo
604 2418 766 2473 rescribendi
777 2436 833 2472 non
851 2427 941 2473 tamen
953 2419 1064 2473 scientie
1080 2416 1254 2473 reclamandi.
1292 2417 1353 2471 Scio

298 2560 379 2615 quem
398 2558 488 2596 emere
504 2540 626 2606 debeam,
639 2556 722 2611 quere
734 2547 762 2594 et
773 2548 904 2611 quantum
917 2548 943 2593 et
956 2539 1092 2611 quamdiu.
1129 2540 1218 2599 Quem
1236 2538 1290 2593 nini
1301 2555 1356 2592 eer-

296 2680 362 2717 vum
373 2661 434 2727 Dei,
445 2660 498 2714 nini
510 2660 556 2732 qui
569 2659 658 2730 diligit
665 2658 796 2731 justitiam
808 2667 835 2712 et
847 2658 909 2714 odio
920 2659 1002 2713 habet
1012 2658 1198 2730 iniquitatem
1217 2658 1272 2711 nisi
1280 2656 1354 2711 deni-

298 2802 351 2855 que
362 2782 409 2852 qui
420 2783 449 2834 in
469 2781 530 2834 Deo
542 2786 672 2833 monetet
684 2778 757 2832 Deus
768 2779 797 2832 in
810 2780 861 2832 eol
877 2781 975 2845 Quare,
988 2780 1039 2833 nini
1059 2780 1122 2852 quin
1146 2798 1290 2834 conservus
1302 2788 1349 2845 ent,

296 2902 380 2957 freter
391 2907 438 2967 eet,
450 2899 502 2954 nisi
513 2918 563 2972 pro
575 2916 629 2971 quo
640 2898 759 2953 Christus
770 2916 863 2971 pascus
876 2900 932 2954 cett
950 2900 1094 2966 Quantum,
1103 2876 1155 2955 niel
1167 2908 1297 2971 qnantum
1309 2918 1354 2955 me

298 3022 370 3076 filino
382 3020 443 3087 Dei,
457 3029 587 3092 quantum
599 3038 642 3075 me
654 3019 750 3091 iprum,
764 3027 894 3092 quantum
906 3037 1000 3073 manue
1011 3020 1136 3075 oculum?
1154 3020 1298 3087 Quamdiu,
1312 3021 1354 3076 ni-

298 3142 322 3196 si
333 3159 418 3213 neque
431 3141 466 3195 ed
476 3149 597 3207 mortem,
605 3140 657 3194 nisi
667 3157 754 3210 neque
765 3139 794 3193 in
803 3140 920 3194 seculum
934 3132 1023 3205 seculi,
1033 3140 1085 3193 nisi
1094 3159 1178 3211 usqne
1190 3142 1219 3194 in
1231 3150 1353 3195 eternum

298 3268 326 3316 et
335 3260 425 3315 ultrol
444 3259 611 3313 Generaliter
621 3258 659 3311 nic
669 3256 831 3323 efficiuntur,
843 3258 889 3328 qui
896 3275 951 3310 non
964 3276 1025 3327 quae
1036 3276 1084 3312 sue
1095 3266 1157 3313 eunt
1169 3267 1294 3330 qnaerunt
1304 3258 1353 3314 red

299 3396 360 3451 quae
372 3378 389 3431 J
391 3394 438 3431 eeu
449 3376 555 3442 Christi,
569 3376 615 3447 qni
625 3374 699 3448 pleni
711 3374 821 3428 caritate
835 3383 861 3428 et
873 3375 1015 3429 dilectione
1027 3377 1055 3429 in
1069 3376 1201 3431 cubilibus
1214 3385 1240 3431 et
1247 3378 1280 3431 'in
1291 3378 1355 3433 hor-

291 3485 330 3552 ¹tie
342 3502 498 3563 oromatum,
510 3494 540 3548 in
551 3494 662 3549 meridie
674 3495 773 3548 cubent
785 3502 812 3548 et
830 3502 952 3566 pascunt.
998 3492 1046 3549 Isti
1058 3503 1120 3549 eunt
1133 3496 1180 3561 tui,
1191 3495 1276 3550 immo
1289 3495 1352 3560 mei,

297 3614 523 3671 Clnraevelleunes.
558 3614 599 3668 Hi
610 3621 672 3667 runt
684 3613 730 3685 qui
742 3631 806 3681 non,
819 3614 887 3667 sieut
905 3614 950 3668 ille
961 3622 1105 3685 negaturus
1122 3614 1140 3667 J
1141 3633 1224 3681 esum,
1238 3634 1255 3669 a
1270 3616 1352 3687 longe

295 3742 451 3808 sequnntur,
464 3750 519 3787 uon
530 3732 598 3785 elcut
609 3730 655 3785 elil
673 3732 917 3804 appropinquantes
939 3738 1019 3798 stent,
1032 3733 1073 3787 vel
1091 3734 1125 3787 eb
1146 3752 1177 3787 eo
1198 3734 1354 3791 recedentes

296 3861 357 3929 poet
368 3855 495 3908 Soterem
506 3851 627 3917 redeunt,
640 3850 688 3905 red
705 3850 816 3905 sindone
826 3853 926 3923 rejecto
937 3852 1003 3905 nudi
1015 3860 1075 3923 post
1085 3853 1189 3907 nudum
1201 3854 1348 3920 ambulonu

239 3965 243 3973 ⁵
295 3975 360 4048 ogni
371 3973 489 4044 vestigiis
499 3971 668 4037 inhaerenter‚
682 3970 717 4024 ed
728 3970 827 4024 coelum
839 3971 1012 4037 transvolant,
1026 3980 1052 4026 et
1064 3942 1150 4027 donec¹
1161 3972 1196 4026 ad
1214 3973 1352 4028 sedentem

225 4166 228 4173 Ι
293 4100 324 4154 in
336 4097 434 4151 throno
446 4090 582 4156 accedent,
596 4099 622 4144 et
634 4090 690 4159 regi
711 4108 792 4161 opere
803 4107 851 4144 suo
872 4091 969 4157 dicant,
983 4110 1063 4163 super
1078 4102 1182 4147 montes
1201 4101 1350 4149 eromotum
