3100 5192
525 496 683 552 Daunum
700 515 845 554 arrsrou.
1180 510 1215 564 67

157 651 205 706 bit.
242 650 366 705 Alterum
389 649 485 704 horum
502 650 561 704 fieri
578 669 687 706 neccsse
705 660 762 719 est,
782 661 829 707 sut
853 655 960 710 vincere
977 658 1038 712 bec
1056 668 1103 714 aut
1121 661 1155 715 ab
1173 663 1215 716 bis

161 772 243 839 vinci,
257 780 303 826 eut
315 789 438 844 superare
451 779 497 826 eut
508 772 593 838 subdi,
607 779 653 826 sut
664 773 757 844 lugere
769 782 816 828 aut
826 775 936 830 includi.
973 777 1068 833 Sunius
1081 789 1123 835 est
1134 782 1216 853 igitur

161 894 265 948 nudum
277 901 384 946 enotare
397 910 477 963 quem
489 893 614 949 vestitum
629 894 781 964 submergi3
809 895 894 948 solum
911 897 1037 969 effugere,
1053 917 1135 971 quam
1152 920 1214 956 cum

159 1013 251 1067 multis
268 1012 420 1084 periclitari
465 1012 545 1077 Quid,
564 1030 611 1067 cor
626 1013 792 1066 humanum?
817 1017 991 1086 expavescis?
1016 1019 1080 1090 quid
1095 1021 1213 1092 refugisl

161 1134 276 1188 Fnsctirs
288 1133 437 1188 solitudinis
447 1151 504 1187 nou
525 1142 565 1188 est
582 1134 690 1206 quidem
705 1135 801 1200 mollis,
821 1144 861 1190 est
876 1145 965 1190 tamen
980 1139 1074 1208 sertin
1101 1159 1159 1196 non
1174 1152 1214 1197 est

159 1255 277 1328 pinguis,
290 1262 430 1309 esttamen
442 1255 542 1322 dulcis;
562 1264 602 1310 est
611 1255 701 1321 durus,
714 1257 761 1310 ced
773 1258 801 1310 iu
813 1258 927 1324 cortice,
944 1268 985 1313 est
994 1262 1114 1326 acerbus,
1127 1263 1174 1316 sed
1185 1265 1214 1317 in

161 1375 317 1447 superficie;
331 1383 370 1429 est
380 1375 443 1428 novi
454 1375 563 1447 soporis,
575 1375 622 1429 sed
633 1376 840 1443 inchoantibus;
860 1385 900 1431 est
909 1387 1048 1434 conterens
1054 1381 1155 1446 dentes,
1165 1383 1213 1436 sed

159 1513 216 1550 non
228 1495 470 1550 consuescentibus.
507 1496 532 1548 0
544 1514 589 1550 cor
596 1497 752 1562 humanum,
762 1515 811 1550 cur
819 1499 897 1551 times
905 1500 1045 1552 renoveril
1062 1501 1212 1557 cmabhor-

159 1632 202 1668 res
214 1615 350 1685 reparari?
367 1614 442 1668 Velis
454 1614 530 1681 nolis,
543 1615 606 1669 hinc
620 1616 692 1670 abire
704 1616 872 1688 compelleris
879 1636 887 1682 ;
907 1617 974 1670 velis
982 1618 1061 1683 nolis,
1071 1619 1129 1673 sine
1139 1639 1215 1675 mora

161 1741 312 1812 emigrabis.
357 1741 382 1792 0
394 1759 439 1796 cor
451 1758 551 1807 excors,
565 1758 675 1794 curnon
688 1741 771 1794 curris
784 1741 819 1794 ad
831 1741 921 1795 Deum
932 1742 1037 1796 cordis?
1064 1759 1111 1795 cur
1123 1744 1214 1797 omnia

163 1861 267 1932 colligis
279 1870 306 1915 et
317 1869 344 1915 tc
355 1861 444 1931 ipsum
456 1878 511 1914 non
523 1861 605 1914 colisl
631 1860 770 1930 Dignitste
782 1860 925 1930 praecellis,
940 1869 1072 1932 potestate
1085 1861 1209 1916 excedis:

162 1984 327 2048 auctoritate,
348 1982 475 2053 qusicquid
494 1989 612 2036 creatum
630 1982 679 2034 sub
697 1981 767 2035 coelo
783 1989 831 2045 est,
849 1982 943 2034 vincis.
988 1982 1142 2035 Nobilitotis
1158 1990 1212 2035 tuoe

159 2100 302 2172 progenies
314 2099 408 2168 quanti
419 2097 461 2162 sit,
474 2098 509 2150 ob
519 2097 666 2166 ignobilem
679 2099 909 2152 conversationem
926 2115 982 2151 non
999 2100 1148 2165 attendunt,
1168 2101 1214 2172 qui

160 2226 225 2291 post
236 2235 331 2288 corpus
343 2235 421 2270 suum
433 2223 459 2269 te
474 2224 586 2286 ponunt,
605 2216 742 2288 exemplar
760 2225 815 2270 tuas
830 2217 995 2272 formationis
1012 2235 1067 2272 non
1085 2221 1214 2275 memine-

160 2349 232 2407 runt,
246 2342 292 2413 qui
304 2343 374 2394 inter
385 2357 479 2411 corpus
495 2346 522 2392 et
536 2337 657 2411 spiritum
675 2355 736 2409 quae
754 2339 790 2392 sit
805 2337 957 2394 differentis
973 2357 1029 2394 uon
1045 2340 1213 2395 animadver-

160 2472 229 2519 tunt.
271 2462 382 2516 Natales
392 2468 452 2514 tuos
468 2460 565 2529 relege,
584 2459 660 2511 etde
677 2459 757 2529 quain
775 2459 934 2528 expectabili
951 2459 988 2512 sis
1004 2477 1101 2529 genere
1117 2461 1213 2514 recole.

162 2584 261 2640 Generi
285 2592 331 2637 tuo
355 2581 488 2635 maculem
511 2577 645 2632 servitutis
663 2575 1213 2646 noliirrogarc,quiaservitust1biuon

161 2722 179 2759 e
198 2711 225 2757 te
247 2702 366 2756 debetur.
417 2698 524 2752 Etenim
535 2705 565 2750 tu
576 2697 604 2749 in
615 2696 675 2750 loco
690 2694 797 2748 sublimi
807 2694 907 2760 sedere,
921 2702 1019 2748 caeters
1030 2712 1095 2748 sero
1106 2695 1155 2748 tibi
1167 2694 1214 2747 ‹le-

158 2825 224 2879 bsnt
236 2822 366 2876 assistere.
390 2817 478 2872 Tuum
487 2825 529 2872 est
540 2816 676 2880 mandare,
688 2823 845 2868 caeterorum
857 2815 893 2867 ad
904 2815 1059 2868 mandatum
1072 2815 1164 2868 venire
1171 2816 1215 2869 vel

161 2953 223 3016 post
234 2949 415 3012 contemptum
422 2938 568 2994 vindictam
579 2937 708 3011 excipere.
721 2936 809 2988 Tuum
821 2944 862 2989 est
871 2936 1018 3008 injungere,
1034 2936 1213 3007 subjectorum

162 3019 380 3117 sineliscrimine
392 3059 512 3130 injuncte
524 3056 632 3110 effectui
643 3054 804 3124 mancipare.
841 3052 896 3106 Soli
907 3053 967 3105 Deo
982 3053 1005 3105 si
1023 3053 1135 3123 dignum
1146 3019 1215 3124 prae:

162 3183 259 3237 stiterit
271 3180 436 3250 obsequium,
449 3186 524 3231 tuum
537 3176 572 3229 ad
585 3175 674 3229 omnia
685 3173 785 3227 valebit
795 3172 945 3243 imperium.
964 3171 1025 3225 Hoc
1034 3172 1140 3226 interim
1151 3190 1215 3226 con-

162 3301 351 3358 iabulatorium
363 3299 491 3362 omittam,
505 3304 532 3350 et
539 3304 642 3367 tempus
650 3302 677 3348 et
682 3295 771 3347 locum
782 3294 941 3346 constituam
953 3312 959 3346 :
979 3310 1032 3364 quo
1040 3293 1214 3359 narrationes,

160 3421 284 3484 actiones,
299 3416 478 3488 allegationes,
491 3413 617 3486 utrinque
627 3412 736 3466 liberius
748 3411 864 3465 audiam.
901 3391 1013 3464 Veletei

239 3774 283 3825 ³1.
303 3770 376 3823 Pico
394 3768 548 3834 SIMONE,
565 3765 676 3826 QUUM
695 3764 784 3818 IRET
801 3764 855 3817 AD
874 3762 1040 3816 MONTEM
1060 3761 1136 3815 Dlll.

194 3891 319 3944 Dourms
337 3907 395 3942 sors
413 3906 446 3940 rr
465 3904 599 3941 easassus
623 3903 716 3939 rmoas
743 3901 799 3937 σοι
820 3900 942 3938 cursam
969 3901 1004 3936 on
1030 3900 1123 3936 uosss
1147 3881 1214 3947 Des,

159 4025 266 4063 rosana
293 4007 337 4071 G,
368 4022 484 4058 numus
509 4005 625 4057 Csassrr
653 3999 794 4066 sscsabos,
822 4019 909 4058 uscue
938 4019 973 4055 ao
1002 4019 1118 4056 noum
1151 4000 1208 4054 Dss

162 4123 378 4182 Oxss-Aliud
399 4124 518 4188 mebris,
540 4122 612 4180 aliud
632 4121 726 4176 susdet
741 4121 858 4175 scribere
871 4127 961 4175 vestre
976 4120 1132 4176 sarmentis.
1180 4119 1216 4171 Et
