3100 5192
530 478 678 515 persuasis
696 476 842 512 nrrsrotn.
1090 488 1093 495 ·
1175 460 1206 527 81

161 622 301 693 legumina
312 618 473 673 decoctionis
484 626 590 671 nostra.
626 616 765 675 Quosdam
777 622 926 671 vestrorum
937 614 974 667 ita
986 614 1098 669 scribitis
1112 614 1212 673 sentiro

162 742 196 795 tle
209 740 296 793 verbis
309 736 430 809 apostoli,
442 736 489 789 ubi
505 736 556 800 ait3
577 732 754 787 Renovanrini
764 732 857 803 spiritu
868 732 964 784 mentis
979 740 1082 797 vestras,
1096 740 1123 785 et
1139 732 1210 799 alibi,

163 859 222 915 Etsi
233 860 316 936 homo
329 858 374 927 qui
387 856 501 909 exterior
513 863 553 908 est
565 853 749 925 corrumpitur,
762 850 809 905 sed
822 851 868 923 qui
879 850 951 903 intus
963 858 1003 905 est
1019 858 1162 907 renovatur
1178 850 1212 905 ‹le

161 980 246 1035 disin
258 978 338 1043 diem,
352 985 378 1029 et
390 976 423 1029 de
436 974 563 1028 Paradae
580 972 738 1026 deliciarum
757 971 785 1023 in
803 988 856 1041 quo
873 970 961 1023 Adara
979 970 1079 1043 positus
1096 980 1142 1039 est,
1157 972 1213 1027 sire

163 1099 244 1155 etiam
257 1098 353 1153 dehoc
366 1095 529 1167 quodhomo
545 1093 580 1148 ad
596 1092 742 1163 imaginem
762 1100 789 1146 et
803 1091 1003 1147 similitudinem
1022 1092 1073 1147 Dei
1092 1094 1215 1149 conditus

121 1276 125 1280 ,
163 1218 297 1285 asseritm,
309 1224 340 1271 ut
351 1217 400 1271 suh
413 1216 508 1271 eodem
522 1232 602 1269 sensu
616 1215 707 1268 omnia
724 1216 775 1267 ista
790 1213 963 1285 accipiantur.
1001 1214 1115 1269 Addunt
1130 1216 1212 1271 etiam

164 1336 237 1392 bona
254 1333 381 1391 deliciosa
397 1332 492 1386 bifarie
510 1330 608 1385 debere
626 1330 725 1403 occipi3
756 1330 857 1385 scilieet
876 1330 1027 1385 secundum
1043 1331 1217 1387 substantiale

165 1452 266 1506 bouum
279 1458 305 1503 et
317 1448 455 1515 accidens3
474 1448 619 1503 relerentes
632 1448 666 1501 ad
679 1448 829 1501 essentialia
841 1446 912 1501 dona
927 1447 1080 1519 imaginem,
1093 1450 1217 1505 similitu-

166 1570 257 1626 dinem
269 1588 332 1626 vero
344 1569 379 1626 ad
392 1586 423 1623 ea
436 1586 496 1639 quae
509 1568 602 1623 adesse
614 1576 641 1621 ct
652 1568 743 1621 abesse
755 1575 875 1640 possunt.
912 1568 1071 1639 Priusquam
1084 1568 1126 1623 his
1141 1569 1218 1623 bonis
1264 1624 1265 1627 ,

167 1689 298 1745 coloribus
310 1698 337 1742 et
348 1708 363 1746 a
373 1688 457 1743 doctis
468 1688 614 1760 pictoribus
626 1688 769 1759 imaginem
781 1705 906 1743 sensuum
919 1689 1030 1743 istorum
1043 1690 1216 1761 compositam

168 1812 196 1878 in
207 1810 325 1871 sacrario¹
335 1809 387 1867 Dei
399 1816 522 1874 statuam,
535 1828 627 1881 quaero
639 1809 673 1864 de
685 1809 796 1881 origine,
811 1809 844 1864 de
857 1818 964 1865 auctore
978 1818 1004 1863 et
1016 1810 1049 1864 de
1062 1810 1160 1864 virtute
1177 1810 1219 1867 vel

167 1929 247 1989 etiam
260 1930 374 1984 utilitato
387 1931 452 2001 ejus.
490 1930 527 1983 Ut
539 1930 610 1983 euim
622 1928 775 2001 religiosum
788 1929 821 1985 sit
834 1930 906 2003 quod
919 1930 1044 1985 adoratur
1056 1930 1084 1984 in
1104 1932 1221 2005 templis,

169 2068 223 2119 riou
244 2068 324 2115 nora,
337 2068 391 2106 uon
404 2050 503 2119 ignota,
523 2066 578 2102 non
590 2049 706 2119 denique
719 2049 892 2105 fictadebent
905 2067 960 2103 esse
972 2050 1091 2103 numina.
1129 2050 1220 2117 lsrael,

171 2170 210 2230 ait
221 2170 364 2244 Propheta,
377 2169 400 2228 si
409 2159 527 2223 vaudieris
539 2186 590 2233 me,
604 2186 659 2221 non
672 2168 723 2221 erit
733 2168 762 2222 in
774 2178 801 2222 te
814 2168 840 2221 d.
853 2188 874 2222 r.
888 2187 915 2223 n.
929 2170 971 2225 ad.
985 2169 1011 2223 d.
1030 2188 1054 2223 a.
1091 2170 1154 2225 Non
1172 2171 1222 2225 mi-

168 2307 220 2344 nus
249 2288 431 2343 abominabile·
458 2296 497 2342 est
512 2288 694 2343 ¹simulacrum
720 2288 748 2342 in
774 2288 887 2345 ecelesia
913 2290 965 2343 Dei
990 2290 1055 2357 vivi,
1082 2310 1162 2363 quarn
1188 2292 1242 2349 de'

169 2409 269 2467 Sancta
278 2409 415 2480 Scriptura
423 2426 516 2463 sensus
524 2426 663 2481 perversus
671 2410 699 2463 in
709 2410 799 2463 anima
810 2410 961 2465 Christiani.
999 2412 1124 2467 Deleetus
1134 2422 1223 2467 tamen

171 2536 198 2582 et
210 2528 254 2584 hic
269 2528 407 2585 habeadus
422 2536 469 2583 est.
508 2528 542 2581 ln
557 2528 600 2581 his
616 2528 755 2600 siquidem,
773 2546 834 2604 quoe
853 2530 887 2581 ad
908 2537 1007 2583 sanctas
1025 2529 1163 2585 Trinitatis
1181 2531 1237 2605 vel,

170 2648 361 2706 incarnationis
384 2647 467 2704 fidem
489 2666 537 2703 seu
560 2658 785 2702 sacramentorum
815 2650 932 2703 ecclesiae
964 2650 1105 2721 pertinent,
1132 2668 1221 2715 errare

170 2768 313 2841 periclitari
339 2777 386 2822 est.
426 2768 467 2821 Da
496 2767 637 2839 multiplici
666 2786 729 2824 vero
756 2785 835 2823 sensu
862 2769 1057 2841 Scripturarum
1086 2768 1129 2823 vel
1154 2768 1225 2841 jurii·

171 2888 272 2943 ciorum
291 2887 350 2951 Dei,
371 2904 431 2957 quae
448 2905 520 2941 nunc
539 2888 617 2962 plura
639 2888 715 2953 finnt,
735 2892 812 2962 quasi
835 2890 947 2955 diversa,
975 2908 1028 2945 non
1052 2900 1139 2946 tamen
1163 2910 1226 2947 con·

172 3004 254 3062 buria
265 3004 371 3070 sentire,
385 3022 439 3057 uon
452 3013 492 3057 est
508 3022 525 3057 a
541 3005 593 3060 fide
611 3007 768 3059 exorbitare.
807 3006 860 3059 Hic
879 3008 950 3061 enim
969 3024 1048 3061 sonus
1067 3016 1107 3061 est
1123 3008 1226 3063 alarum

172 3124 326 3181 animalium
339 3126 367 3178 in
380 3124 507 3180 Ezechiel
519 3143 546 3178 se
559 3126 594 3181 od
607 3127 720 3179 invicem
739 3126 955 3198 percutientium,
970 3128 1032 3197 quia
1051 3136 1152 3181 sanotae
1168 3128 1225 3181 ani·
1314 3122 1318 3126 ’

173 3262 226 3300 mae
244 3243 278 3302 de
296 3245 420 3301 thesauro
438 3245 576 3316 sapientiae
595 3255 622 3299 et
640 3248 758 3301 scientim
785 3247 836 3301 Dei
860 3248 969 3319 largiter
993 3248 1134 3321 accipiunt,
1154 3250 1226 3311 unde

173 3382 270 3439 corpus
282 3365 401 3423 ecelesia
413 3366 441 3421 in
455 3378 627 3441 augmentum
645 3368 764 3439 corporis
783 3368 880 3423 Christi
898 3369 1062 3425 diversarum
1079 3373 1225 3442 gratiarum

174 3478 333 3554 compagine
357 3480 421 3535 satis
444 3479 579 3551 eleganter
603 3492 776 3553 componunt.
815 3484 909 3556 Itaque
928 3486 1009 3539 frater
1027 3486 1072 3539 ille
1090 3504 1137 3541 suo
1155 3488 1226 3541 bono

174 3596 285 3668 quidem
298 3614 377 3655 seusu
394 3597 504 3654 domum
518 3600 568 3657 sibi
581 3601 724 3654 eburneam
738 3601 916 3667 fabricaverit,
931 3612 958 3656 et
970 3603 1157 3661 bicameratam
1171 3608 1225 3659 sive

172 3714 749 3789 tricameratumarcamiudilusioaquaruur
759 3720 1109 3795 multarumpraepnraverit.
1141 3724 1226 3781 Miror

172 3832 251 3893 illum
268 3843 358 3894 tamen
374 3843 479 3896 turtum
490 3837 639 3897 'adifieium
659 3840 749 3911 parvis
765 3844 914 3913 sumptibus
933 3844 1087 3909 extruxisse,
1101 3854 1128 3899 et
1144 3864 1225 3915 quum

175 3952 242 4010 illud
266 3953 449 4011 fundamentis
471 3956 635 4016 solidissimis
659 3960 838 4029 apostolorum·
861 3972 887 4017 et
905 3964 1092 4039 prophetarum
1112 3968 1226 4034 firmare,

175 4073 286 4131 fioribus
298 4074 436 4133 doctorum
449 4078 550 4142 fulcire,
564 4080 639 4133 mats
652 4091 797 4152 martyrum
811 4085 917 4155 stipere,
929 4095 959 4139 ut
977 4088 1081 4156 sapiens
1100 4088 1242 4141 architec-v
1286 4138 1287 4141 ,
