3100 5192
299 451 332 506 id
739 448 772 503 G.
792 449 912 503 Arntrrs

295 600 410 657 titudine
419 601 517 674 quippe
524 601 621 657 aalma
628 600 697 657 bene
704 609 797 674 pastae,
805 602 834 661 in
843 602 1008 659 abundantia
1015 600 1163 659 dulcedinis
1172 601 1223 657 Dei
1230 602 1355 677 scripsis-

294 722 376 789 tir,‚et
386 722 459 777 sicut
469 700 549 794 adipe
561 729 588 776 et
596 721 758 795 pinguedine
767 722 911 795 spiritualis
919 722 1021 777 laetitiae
1033 722 1123 779 lauces
1133 740 1208 777 meas
1216 722 1351 795 replestis

297 840 389 897 Semo
400 857 497 913 nempe
508 848 596 895 vater
606 857 662 898 uon
674 847 715 895 est
725 840 795 907 talis,
808 842 862 913 qui,
872 841 1030 899 adulterinis
1041 840 1133 897 formis
1142 839 1348 914 superinductis,

297 959 413 1033 specim
423 958 530 1031 pieuds
540 966 714 1032 repraesentet
726 966 754 1015 et
770 959 894 1015 virtutem
912 960 1036 1033 abneget.
1071 959 1133 1015 Hoc
1151 959 1224 1015 enim
1241 959 1350 1015 illorum

296 1085 345 1145 ert,
356 1077 404 1151 qui
413 1078 442 1133 in
454 1077 535 1133 eorde
547 1085 574 1133 et
586 1078 665 1134 corde
676 1078 823 1149 loquuntur
834 1079 877 1133 t'el
890 1078 936 1151 qui
947 1078 1071 1135 molliunt
1082 1093 1217 1135 sermones
1230 1095 1293 1133 suos
1304 1095 1351 1131 su·

293 1214 344 1270 per
365 1196 462 1262 oleum,
480 1214 564 1270 quum
580 1197 634 1269 ipsi
650 1197 704 1251 sint
716 1196 817 1271 jacula.
852 1198 915 1253 Non
935 1205 1024 1255 autem
1041 1198 1153 1253 verbum
1169 1196 1348 1267 nostrum-sic

293 1315 435 1381 insulam
446 1315 484 1370 sie
495 1314 665 1380 infamatum,
677 1314 726 1371 sed
736 1315 792 1370 sale
805 1315 919 1381 salitum,
932 1315 980 1371 sed
991 1316 1085 1389 gratiss
1101 1316 1268 1388 plenitudine
1284 1334 1351 1373 con·
1434 1362 1438 1373 .

297 1432 434 1498 iortatunr,
446 1432 548 1487 viscera
564 1430 651 1504 replet
668 1440 831 1499 sanctorum,
843 1433 912 1488 vires
923 1442 1029 1505 reparat
1041 1434 1197 1501 animarum,
1209 1434 1354 1506 languores
1439 1476 1443 1487 .

297 1551 581 1623 musagrotantium,
591 1551 1067 1609 tortitudinemcouservatsauorum.
1104 1551 1346 1633 Praetereadelica·
1394 1598 1396 1601 ,

297 1678 387 1725 torum
398 1669 499 1725 sufficit
509 1670 656 1743 gulositati,
670 1678 696 1725 et
707 1670 893 1725 nauseantium
904 1672 1026 1727 medetur
1036 1670 1184 1743 rejectioni.
1218 1670 1309 1725 Pascit
1320 1678 1352 1725 ut

299 1789 386 1862 panis,
402 1796 434 1843 ut
454 1788 547 1844 vinum
562 1789 692 1855 latificat,
709 1797 740 1843 ut
756 1789 894 1862 paradisus
912 1790 1070 1844 deliciarum
1085 1791 1215 1845 exuberat
1231 1790 1259 1845 in
1277 1788 1353 1845 omni

299 1908 440 1975 maritate,
457 1916 489 1963 ut
506 1909 635 1982 templum
652 1908 875 1981 speciosissimum
890 1910 1005 1981 refulget
1021 1910 1050 1965 in
1068 1908 1144 1963 omni
1160 1908 1352 1980 pulcritudine.

300 2028 385 2084 Plane
395 2027 534 2085 weditilis
550 2026 586 2084 ad
602 2028 844 2098 commonendum}
853 2035 941 2083 rectus
959 2026 995 2081 ad
1012 2026 1235 2099 componendum,
1253 2026 1351 2083 efficax

299 2145 335 2200 ad
346 2145 577 2211 commovendum,
590 2154 685 2218 potens
697 2145 732 2199 ad
744 2144 976 2211 corroborandum,
991 2143 1076 2199 dulcis
1088 2144 1123 2200 ad
1135 2141 1350 2209 demrrlesndem,

300 2278 399 2335 ndens
409 2276 448 2333 ad
459 2277 690 2333 inflammandum.

334 2396 426 2456 Quum
437 2396 510 2451 enim
520 2413 586 2468 pure
594 2396 629 2450 de
637 2413 704 2467 puro
713 2413 777 2451 vase
784 2413 868 2469 purus
878 2396 1024 2453 effunditur
1033 2414 1128 2464 emmo,
1139 2396 1204 2469 quid
1215 2396 1250 2451 ad
1260 2412 1355 2450 emun-

300 2516 422 2574 dandum
443 2516 540 2588 aptius,
558 2515 624 2587 quid
641 2516 678 2571 sd·
693 2516 892 2571 informandum
909 2517 1034 2589 apertius,
1054 2516 1119 2587 quid
1137 2516 1172 2571 ad
1190 2534 1268 2571 omne
1286 2534 1357 2587 opus

301 2636 404 2690 bouum
410 2635 520 2689 utiltmt
537 2634 606 2690 Sane
617 2636 728 2689 verbum
736 2635 836 2689 bonum
847 2634 960 2689 debono
972 2634 1024 2688 Dei
1036 2634 1116 2689 verbo
1127 2634 1260 2706 frequenti
1270 2634 1354 2709 rnedi-

301 2754 401 2809 tstione
410 2753 559 2817 decoctum,
570 2752 758 2807 exercitatione
767 2752 898 2822 corporali
911 2760 937 2806 et
946 2752 1084 2823 spirituali,
1096 2760 1226 2823 tanqrram
1233 2751 1353 2805 melain-

300 2868 390 2925 feriori
402 2879 429 2922 et
437 2868 568 2939 superiori
578 2867 709 2933 molitum,
723 2866 849 2922 continua
861 2867 1057 2921 examinatione
1068 2869 1259 2940 cogitationum
1277 2886 1356 2923 accu-

300 2986 426 3053 santium,
438 2992 485 3041 aut
497 2986 577 3040 etiam
589 2985 798 3051 defendentium,
812 2985 965 3051 cribratum,
980 2985 1083 3040 ossibus
1093 2986 1239 3041 humiliatis
1252 2986 1355 3041 confert

301 3104 456 3171 medidiem,
469 3112 496 3159 et
509 3104 606 3159 animae
618 3104 744 3158 esurienti
756 3103 865 3171 adhibet
882 3103 1029 3157 satietatem
1046 3104 1153 3158 bonam.
1190 3102 1356 3174 Decoquitur

302 3223 456 3294 veropanis
468 3221 526 3285 iste,
540 3221 625 3275 autin
644 3221 749 3273 clibano
764 3219 890 3291 profundi
907 3220 1026 3291 mysterii
1042 3220 1232 3273 incarnationis
1247 3220 1354 3287 Christi,

303 3340 388 3395 autin
403 3336 536 3407 sartagine
548 3335 663 3387 vivificae
677 3333 769 3399 crucis,
784 3336 869 3387 autin
883 3334 1011 3389 eraticula
1022 3334 1114 3387 monis
1127 3342 1153 3389 et
1165 3334 1279 3405 sepulcri
1292 3353 1356 3392 eum

302 3457 359 3513 vita
370 3464 464 3510 nostra
473 3454 593 3526 loquutio
605 3462 701 3521 casua
714 3452 841 3526 cogitatio
853 3461 949 3519 vestre,
959 3451 1136 3519 commoritur,
1148 3462 1356 3526 concorporatur

302 3578 347 3634 vel
358 3576 546 3651 consepelitur.
581 3574 685 3630 Christo
697 3592 767 3629 novo
775 3573 868 3645 generi
876 3572 986 3628 uniendi
995 3572 1082 3627 videte
1091 3590 1188 3645 panem
1197 3573 1231 3627 de
1240 3574 1355 3629 clibano.

302 3698 410 3753 Memor
421 3707 477 3752 esto
489 3696 634 3752 Dominum
653 3686 748 3749 iesum
765 3714 788 3749 r.
807 3713 831 3748 a.
848 3712 882 3749 ex
898 3712 919 3749 s.
935 3694 1039 3751 David:
1059 3695 1189 3749 comedite
1204 3712 1302 3766 panem
1320 3694 1355 3750 de

302 3805 440 3869 craticsda.
485 3806 576 3874 Quum
588 3812 675 3866 adhuc
687 3818 840 3883 peccatores
852 3828 975 3877 essemus,
989 3804 1110 3865 Christus
1121 3829 1170 3883 pro
1179 3804 1269 3883 impiis
1287 3830 1358 3867 mor·

304 3944 366 3989 tuus
377 3941 426 3988 est.
462 3934 504 3987 De
516 3931 649 4004 mrtagine
665 3931 765 3985 irinum
782 3930 981 4003 apprehendite.
1017 3931 1084 3983 Cum
1099 3929 1198 4004 iniquis
1212 3930 1356 4002 deputatus

305 4064 353 4118 est,
365 4063 393 4112 et
404 4072 466 4109 vere
477 4044 621 4123 languores
632 4060 739 4107 nostros
751 4052 768 4105 i.
784 4059 802 4105 t.
816 4048 891 4107 etin.
904 4068 931 4103 n.
945 4050 963 4104 i.
976 4068 1003 4121 p.
1023 4068 1058 4103 m.
1077 4067 1131 4105 cor.
1149 4067 1196 4104 suo
1213 4066 1293 4120 super
1307 4048 1357 4121 lig-

305 4192 371 4230 num
389 4164 483 4231 crucis.
519 4169 600 4228 Panis
617 4172 667 4227 iste
686 4169 784 4243 triplex
802 4168 987 4225 itinerantibus
1003 4185 1052 4241 per
1069 4149 1203 4224 desertum
1226 4166 1261 4221 ad
1285 4166 1354 4221 viam
