3100 5192
772 454 806 504 G.
836 453 957 503 Aesaris

654 967 698 1021 37.
720 964 1073 1021 GRANDlMONTANIS.

373 1088 531 1142 Caurasrars
544 1102 675 1140 rararaua
688 1104 721 1139 nr
736 1104 850 1139 nonnus
863 1104 921 1139 rurs
933 1104 967 1139 aa
984 1076 1096 1139 Galum
1118 1082 1223 1135 Maura
1237 1098 1342 1135 raarsa
1354 1081 1392 1133 G.

340 1208 454 1260 Currsrr
468 1222 599 1259 sacaaoos
610 1204 763 1257 oarrrouas
774 1222 894 1258 emanas.

375 1324 436 1377 Scio
448 1324 511 1394 quia
521 1323 550 1375 iu
562 1321 673 1375 consilio
684 1323 814 1391 justorum
827 1331 853 1375 et
866 1321 1079 1392 congregatione,
1092 1336 1190 1391 magna
1206 1336 1287 1391 opera
1300 1318 1392 1372 Domi-

340 1442 378 1495 ni.
415 1439 488 1504 Ideo,
502 1448 589 1512 patres
601 1439 770 1504 sanctissimi,
779 1439 859 1509 longe
871 1438 934 1492 licet
946 1438 1043 1491 avobis
1056 1448 1181 1501 remotus,
1192 1444 1282 1490 tamen
1295 1436 1392 1489 animae

341 1576 409 1612 mere
422 1557 597 1611 intentionem
616 1565 644 1610 et
663 1557 885 1628 supplicationem
906 1556 935 1609 in
953 1554 1079 1625 praesenti
1099 1554 1391 1619 conventu-transfero,

340 1678 465 1748 quatinus
480 1676 674 1747 portiunculam
695 1676 837 1746 cujuslibet
856 1674 970 1728 coelestis
990 1673 1183 1727 benedictionis
1204 1674 1301 1727 referat
1320 1672 1392 1726 undo

341 1796 491 1849 consoletur
504 1803 530 1849 et
541 1794 621 1865 longo
634 1804 752 1866 tempore
765 1796 935 1848 confortetur.
972 1795 1058 1848 Credo
1071 1794 1176 1848 enimsi
1189 1794 1230 1847 vel
1243 1811 1323 1847 unam
1337 1812 1393 1847 ora·

339 1916 487 1971 tiunculam
499 1915 589 1985 angeli
600 1915 640 1969 illi
647 1914 735 1979 vestri,
749 1914 796 1985 qui
808 1914 903 1968 faciem
911 1914 994 1985 patris
1004 1933 1108 1986 semper
1118 1915 1211 1968 vident
1222 1916 1250 1967 in
1263 1915 1345 1979 celis,
1359 1915 1393 1968 ad

340 2039 428 2111 ipsum
440 2046 542 2109 putrem
554 2035 685 2088 luminum
698 2035 770 2089 etad
783 2035 907 2089 thronum
927 2034 1019 2105 gloriae
1040 2034 1089 2087 lilii
1101 2036 1157 2105 ejus
1170 2035 1203 2087 ab
1220 2052 1264 2089 ore
1277 2043 1304 2087 et
1316 2034 1395 2089 corde

341 2165 428 2208 vestro
439 2174 487 2225 pro
498 2172 541 2208 me
554 2154 712 2219 detulerunt,
727 2153 798 2225 quod
812 2154 891 2206 faciet
903 2151 1018 2206 fructum
1036 2170 1139 2205 sursum
1152 2161 1179 2205 et
1191 2168 1301 2222 germen
1313 2160 1394 2222 ponet

341 2273 369 2325 iu
382 2279 453 2325 terro
464 2272 594 2324 deorsum.
632 2269 705 2323 ilinc
720 2288 783 2322 vero
797 2271 898 2322 fructus
910 2270 973 2322 vitae
993 2279 1020 2323 et
1036 2288 1095 2341 spes
1111 2268 1299 2323 misericordiae
1312 2288 1394 2341 egeno

342 2400 370 2446 ct
381 2390 491 2463 pauperi
505 2390 562 2443 erit.
599 2389 700 2443 Manus
711 2389 791 2459 igitur
803 2388 862 2442 illus
884 2396 987 2442 vestras
999 2407 1080 2460 puras
1098 2390 1131 2443 ab
1145 2390 1217 2443 omni
1230 2390 1359 2460 sanguine
1371 2398 1397 2443 ct

343 2509 462 2573 crimine,
474 2517 500 2561 et
512 2508 602 2561 oculos
611 2507 776 2561 columbinos
790 2506 824 2561 ad
837 2507 965 2559 fenestras
979 2505 1104 2577 coeli,pcr
1116 2523 1182 2576 quas
1197 2507 1231 2560 ad
1244 2508 1397 2578 propitiato·

343 2628 412 2682 rium
422 2626 491 2681 etad
503 2634 595 2680 sancta
607 2635 759 2681 sanctorum
771 2626 870 2679 intrare
883 2624 981 2689 soletis,
991 2625 1085 2691 levate,
1100 2643 1150 2679 nec
1161 2626 1339 2697 aliquomodo
1352 2628 1396 2682 de-

343 2746 456 2815 ponatis,
469 2745 555 2797 donec
568 2761 614 2795 vos
627 2743 776 2796 exaudierit
788 2745 833 2813 qui
847 2743 1008 2797 desiderium
1020 2762 1167 2815 pauperum
1181 2746 1291 2801 exaudit
1304 2748 1396 2801 Domi·

264 2920 268 2929 ¹
343 2880 404 2916 nus.
439 2861 534 2915 Vester
546 2878 612 2927 sum,
626 2860 674 2915 sed
686 2869 749 2915 tunc
760 2860 866 2931 dignius
879 2870 905 2915 et
917 2861 1096 2917 affectuosius.
1135 2862 1237 2917 Valete.

529 3342 572 3393 38.
594 3336 667 3391 PRO
687 3338 900 3393 LARGll'ATE
921 3338 1080 3393 GRATIAS
1099 3341 1199 3395 AGIT.

379 3461 492 3515 Douruo
511 3478 544 3514 nr
563 3478 646 3514 sarar
664 3478 715 3515 suo
732 3478 877 3515 caarssruo
896 3460 929 3513 E.
949 3460 1076 3514 Lueouu.
1096 3478 1310 3517 sacrararrscoro
1330 3480 1396 3517 raa-

345 3599 398 3635 raa
417 3581 450 3635 G.
470 3582 585 3635 Cuarsrr
604 3600 737 3635 sacnnuos
755 3600 830 3635 ossus
850 3599 944 3634 souuu
963 3599 981 3634 a
999 3580 1116 3635 Douruo
1136 3581 1207 3635 Dao.

381 3702 423 3755 De
434 3700 662 3773 superabundanti
673 3702 806 3755 bonorum
829 3701 977 3755 coelestium
997 3703 1091 3771 gratio,
1111 3710 1221 3755 eatenus
1239 3710 1294 3756 tam
1308 3703 1401 3757 vultus

345 3836 425 3889 quam
437 3836 532 3872 manus
549 3826 644 3872 vestrae
660 3817 795 3883 resudant,
814 3824 853 3881 ut,
873 3817 925 3870 nisi
941 3819 1102 3872 verecundia
1116 3818 1160 3872 his
1177 3820 1340 3891 temporibus
1358 3821 1392 3873 ab

343 3938 463 3992 humana
473 3938 582 4007 regions
594 3954 623 3991 aa
634 3936 810 4005 subduxisset,
822 3935 1038 3991 suffunderentur
1049 3938 1167 3992 maximo
1181 3940 1276 3994 rubore
1291 3941 1348 3993 noti
1362 3948 1389 3994 et

346 4056 426 4111 amici
438 4057 525 4122 vestri,
539 4056 567 4110 in
579 4054 794 4110 benedictionum
806 4064 952 4110 vestrarum
967 4054 1116 4127 largitione.
1153 4057 1285 4129 Equidem
1302 4056 1395 4112 malim
