3100 5192
539 567 697 624 Dnsssusrs
724 568 874 624 Errssons.
1185 570 1234 625 139

182 738 259 779 suam
282 726 385 781 invidet
409 726 613 798 simplicitatem,
636 729 681 782 cui
701 747 776 783 suam
799 747 853 783 non
875 728 983 799 negavit
1000 729 1152 799 imaginem.
1192 729 1231 781 Eo

181 844 263 914 igitur
273 847 302 898 in
314 863 374 899 arce
386 863 457 900 verre
470 855 497 899 et
508 864 619 900 summae
632 848 810 918 simplicitatis
829 847 969 901 illocaliter
988 848 1076 900 locato
1098 847 1234 900 rationalis

181 964 325 1035 participat
336 974 466 1019 creatura.
498 967 589 1019 Fuerit
600 976 688 1019 autem
702 968 788 1037 magis
807 975 834 1020 et
852 967 939 1019 minus
960 966 1090 1037 simplicia
1110 966 1194 1036 magis
1208 975 1235 1019 et

182 1083 270 1137 minus
283 1102 315 1137 eo
327 1085 521 1156 participantia.
560 1086 636 1139 Idem
660 1104 777 1156 namque
798 1086 961 1155 simpliciter,
974 1086 1055 1139 immo
1077 1085 1231 1156 simplicitas

182 1203 350 1272 simplicium,
364 1204 433 1257 sicut
445 1204 519 1257 Deus
532 1205 648 1257 Deorum
659 1206 687 1257 in
700 1205 869 1273 simplicitate
883 1206 963 1276 jubet
976 1223 1003 1257 se
1017 1223 1145 1275 quaerere,
1168 1223 1230 1259 cum

186 1322 349 1392 simplicibus
361 1341 389 1375 se
401 1322 467 1375 dicit
477 1324 631 1377 ambulare:
652 1324 698 1377 dat
712 1333 801 1377 autem
814 1324 933 1378 invenire
947 1331 974 1377 et
986 1324 1085 1376 habere
1097 1325 1119 1377 si
1130 1342 1233 1394 quaere·

181 1453 225 1499 tur
238 1445 372 1514 quomodo
389 1448 466 1517 jubet
478 1464 614 1517 quarere:
634 1446 711 1499 aliter
723 1446 904 1517 quarentibus
923 1446 1054 1505 Queretis
1066 1463 1108 1498 me
1131 1454 1157 1498 et
1177 1462 1231 1499 non

184 1564 334 1618 invenietis.
364 1566 435 1625 Quia
446 1566 536 1636 itaque
548 1567 602 1618 nisi
614 1566 642 1617 in
655 1565 826 1636 simplicitate
842 1582 895 1619 non
908 1565 1051 1627 invenitur,
1065 1564 1235 1635 simplicitate

186 1691 275 1736 autem
287 1682 442 1753 simpliciter
455 1683 514 1736 fieri
527 1701 581 1738 non
597 1683 742 1747 dubitatur,
756 1682 908 1754 quicunque
916 1700 976 1735 eum
985 1700 1032 1753 per
1041 1681 1237 1751 simplicitatem

180 1802 320 1867 invenerit,
336 1802 540 1873 participatione
550 1803 669 1874 ejusdem
677 1803 854 1873 simplicitatis
867 1802 1009 1873 simplicior
1023 1801 1143 1856 efficitur.
1164 1802 1234 1855 Inae-

187 1922 261 1991 quali
273 1930 360 1977 autem
375 1924 548 1994 proportione
566 1925 757 1996 participantes
769 1924 939 1994 inaqualiter
957 1923 1128 1977 inveniuntur
1139 1923 1239 1992 simpli·

185 2059 237 2095 css.
258 2042 321 2113 Ipsa
335 2050 424 2095 sutem
437 2042 593 2111 simplicitas
603 2042 632 2093 in
646 2060 675 2095 se
688 2060 751 2095 vera
763 2051 790 2095 et
803 2059 906 2095 summa
919 2050 958 2095 est
970 2042 1068 2094 unitas.
1096 2041 1239 2094 Sciendum

187 2179 252 2213 vero
264 2161 336 2230 quis,
353 2160 422 2213 sicut
440 2159 515 2213 aliud
536 2169 577 2213 est
595 2161 766 2230 participans,
790 2160 862 2213 aliud
882 2161 1077 2231 participatum,
1100 2160 1137 2213 sic
1161 2161 1241 2213 etiem

187 2281 259 2333 aliud
271 2279 385 2364 simplex
398 2278 471 2331 aliud
494 2279 656 2350 simplicitas.
694 2280 752 2333 Nec
774 2279 856 2332 habet
876 2279 969 2349 lingua
988 2280 1097 2334 stratio
1117 2280 1240 2345 hominis,

185 2401 276 2453 nescio
288 2401 311 2453 si
322 2400 412 2469 angeli
424 2400 497 2453 idem
510 2409 582 2454 esset
593 2400 707 2470 simplex
720 2409 747 2453 et
758 2380 965 2471 simplicitatem,
985 2401 1053 2453 sicut
1075 2417 1125 2453 nec
1148 2401 1239 2454 album

188 2528 215 2573 et
229 2519 388 2573 albedinem.
425 2518 498 2582 Noli,
509 2518 565 2570 noli
577 2518 746 2588 simplicitate
758 2527 857 2573 nostrae
867 2520 949 2571 immo
963 2528 1017 2571 tuae
1026 2518 1109 2572 risum
1121 2520 1242 2572 insimul·

188 2665 242 2700 are.
273 2647 315 2699 De
329 2646 387 2698 Deo
399 2646 471 2698 enim
487 2644 522 2697 nil
536 2645 619 2697 habes
632 2662 765 2715 opponere
779 2663 861 2715 quum
874 2645 1001 2716 quicquid
1014 2646 1071 2715 ipse
1085 2655 1124 2699 est
1136 2646 1244 2715 legatur

191 2784 302 2819 omnem
325 2781 432 2818 sensum
446 2763 644 2818 transcendere.
680 2764 781 2816 Tamen
795 2764 866 2834 quod
886 2765 981 2829 bonus,
995 2765 1069 2835 quod
1083 2765 1150 2835 pius,
1168 2765 1240 2835 quod

181 2861 276 2952 justus,
290 2880 363 2951 quod
375 2880 488 2952 simplex
501 2880 606 2944 dicitur,
620 2880 762 2949 figurativa
782 2880 937 2950 loquutione
950 2880 1089 2951 accipitur.
1110 2881 1156 2933 Ut
1169 2881 1240 2934 enim

183 3000 259 3054 Plato
267 3001 305 3053 ait
313 3000 402 3052 Deum
408 2999 528 3053 invenire
537 2999 646 3052 difficile
656 3006 703 3061 est,
713 2998 855 3051 inventum
865 2998 946 3068 digne
955 3000 1054 3068 profari
1065 3000 1238 3070 impossibile.

186 3122 270 3174 Nulla
284 3128 355 3173 certe
367 3120 486 3171 oratione
496 3120 540 3172 val
552 3118 678 3172 orationis
690 3126 766 3188 parte
780 3117 867 3171 Deum
879 3126 968 3189 potest
984 3118 1079 3189 aliquis
1092 3119 1241 3173 describere

186 3240 230 3294 vel
243 3239 363 3292 delinire.
400 3239 495 3307 ltaque
507 3237 540 3290 de
555 3238 614 3290 Deo
628 3238 704 3291 nulla
715 3237 762 3290 liat
777 3236 919 3307 oppositio,
932 3237 995 3306 quia
1006 3238 1063 3307 ipse
1076 3246 1115 3291 est
1127 3239 1246 3291 omnium

188 3357 323 3410 conclusio
336 3357 512 3411 nihilominus
524 3365 550 3410 et
562 3355 690 3410 exclusio.
728 3356 771 3409 Ex
785 3357 843 3427 ejus
855 3355 944 3409 stabili
956 3356 1124 3427 simplicitate
1136 3356 1244 3410 sortitur

184 3470 306 3523 ordinem
315 3488 407 3524 causas
417 3480 443 3524 et
451 3474 557 3535 formas,
569 3480 601 3525 ut
612 3471 739 3524 Boethius
749 3479 867 3537 testatur,
877 3472 997 3524 omnium
1007 3472 1143 3540 generatio
1150 3490 1239 3526 rerum

184 3596 349 3657 cunctusque
360 3589 529 3640 mutabilium
541 3596 696 3639 naturarum
709 3604 864 3657 progressus
883 3596 909 3640 et
921 3588 1050 3657 quicquid
1061 3589 1150 3658 aliquo
1162 3566 1245 3643 modo

187 3712 317 3757 movetur.
366 3704 432 3774 Ejus
444 3692 540 3755 natura
552 3704 581 3754 in
594 3720 649 3756 sura
667 3703 842 3773 simplicitatis
864 3722 925 3757 arce
946 3706 1094 3775 composita
1116 3706 1241 3775 regendis

187 3822 362 3893 multiplicem
378 3820 543 3875 movendum
555 3821 654 3874 statuit.
690 3821 782 3874 Potius
796 3840 859 3892 ergo
869 3821 977 3875 bonitas
991 3824 1047 3893 ipse
1064 3832 1090 3876 et
1100 3825 1245 3894 participa·

186 3942 262 3995 tione
274 3943 333 4014 ejus
352 3948 474 3995 creatura
485 3941 576 4005 bona;
595 3941 684 4011 potius
697 3941 782 4011 pietas
795 3942 853 4011 ipse
866 3950 893 3995 et
905 3944 1036 3996 consortio
1048 3943 1154 4013 pietatis
1173 3962 1246 3998 crea·

187 4072 249 4116 tura
263 4062 324 4132 pia;
343 4062 431 4132 potius
444 4060 560 4130 denique
568 4058 722 4130 simplicitas
734 4068 761 4113 ct
772 4062 936 4132 possessione
947 4060 1122 4131 simplicitatis
1132 4061 1238 4115 dicatur

189 4191 310 4235 creatura
324 4180 446 4249 simplex.
470 4178 598 4250 Ejusdem
612 4188 699 4233 autem
711 4180 874 4249 loquutionis
885 4197 983 4250 genere
998 4197 1051 4250 quo
1066 4180 1139 4233 Deus
1148 4182 1245 4249 justus,

688 4254 728 4313 23
