3100 5192
321 572 370 621 1³8
792 568 825 620 G.
853 541 973 622 daslrrs

318 744 375 779 esse
389 726 547 797 sirnplicem,
560 725 729 780 indubitabili
741 726 795 779 lide
808 736 878 782 retro
893 736 919 781 et
931 726 1065 779 confiteor.
1084 723 1162 783 Quod
1175 731 1205 777 ut
1218 723 1369 777 evidentius

319 859 456 920 appareat,
470 851 552 904 verbe
562 859 654 903 nostra
665 849 699 903 de
711 850 880 921 simplicitate
892 859 920 904 et
930 858 1021 903 nostre
1031 858 1078 903 tua
1089 850 1138 902 snb
1151 850 1234 903 oculis
1243 866 1367 918 compen-

316 967 392 1021 diosa
399 969 570 1022 annotatione
579 970 640 1023 volo
648 968 781 1037 colligere.
798 968 861 1021 Dixi
871 968 934 1038 quie
943 968 1029 1021 omnis
1041 986 1084 1021 res
1094 967 1249 1038 simpliciter
1261 967 1373 1038 simplex

316 1096 507 1141 unsetauum
532 1096 581 1141 est.
618 1088 680 1141 Non
700 1096 790 1140 autem
809 1088 831 1139 si
853 1105 915 1152 una,
943 1087 1032 1139 statim
1051 1094 1077 1139 et
1089 1086 1209 1157 simplex.
1247 1086 1366 1156 Simplex

320 1208 390 1261 enim
403 1207 506 1277 respuit
520 1216 547 1259 et
557 1208 656 1277 refugit
667 1224 773 1261 omnem
787 1224 894 1278 prorsus
910 1205 1109 1259 admixtionem.
1147 1206 1216 1257 Rem
1235 1222 1298 1257 vero
1321 1222 1370 1257 un-

317 1344 362 1379 am
386 1325 637 1380 convenientiaduo
661 1324 740 1377 simul
753 1325 794 1378 vel
818 1326 896 1394 plura
920 1323 1064 1393 aliquando
1089 1324 1199 1389 faciunt,
1222 1332 1252 1375 ut
1284 1340 1368 1376 unum

268 1515 282 1535 ,
315 1462 412 1516 corpus
424 1453 549 1497 constans
563 1462 597 1498 ex
609 1452 721 1513 quatuos
735 1443 883 1497 elementis.
916 1443 972 1495 lata
986 1442 1098 1513 (inquis)
1112 1451 1224 1495 autnon
1241 1442 1365 1512 intelligo

319 1572 424 1617 antvos
444 1563 533 1616 minus
557 1562 703 1617 attenditis.
742 1562 817 1616 Malo
836 1580 879 1615 rne
900 1561 988 1615 minus
1008 1560 1146 1615 intendere
1169 1578 1250 1631 qnam
1270 1568 1297 1614 te
1316 1579 1370 1615 non

318 1681 476 1751 intelligere.
516 1681 617 1735 Tamen
631 1698 777 1752 parumper
789 1681 905 1746 attende,
920 1690 947 1733 et
965 1679 998 1733 de
1010 1679 1177 1751 simplicitate
1188 1680 1209 1731 si
1221 1679 1290 1732 male
1302 1680 1374 1732 sensi

321 1799 385 1869 qaia
397 1800 502 1870 coepisti
514 1800 611 1853 iterum
623 1801 762 1869 corrigere.
784 1800 894 1853 interim
910 1800 967 1870 ipse
978 1807 1009 1852 ut
1021 1800 1097 1853 decet
1118 1799 1299 1868 consignatam
1312 1806 1373 1851 tuus

324 1919 453 1971 exhibens
466 1920 643 1972 reverentiam
663 1919 780 1972 sentibus
801 1928 828 1972 et
848 1920 1013 1973 sermonibus
1034 1921 1062 1972 in
1084 1938 1128 1972 eos
1149 1920 1197 1971 etsi
1220 1936 1275 1971 non
1296 1918 1376 1971 verba

322 2057 415 2092 sensns
435 2040 506 2092 vallo
528 2040 645 2092 veritatis
657 2040 810 2093 communia
823 2040 905 2092 fortis,
955 2040 1042 2092 Omne
1063 2040 1144 2108 igitur
1166 2039 1238 2109 quod
1260 2047 1306 2104 est,
1331 2047 1378 2091 aut

324 2158 438 2228 simplex
462 2167 509 2212 aut
532 2159 706 2229 compositum
724 2166 771 2212 est.
824 2156 1005 2225 compositum
1024 2165 1113 2209 autern
1138 2164 1184 2209 aut
1202 2157 1375 2209 substantiale

325 2286 371 2330 aut
382 2278 502 2347 partiale.
521 2278 707 2341 substantiale,
716 2278 799 2330 veluti
811 2295 893 2347 quum
907 2294 962 2328 una
974 2275 1121 2328 substantia
1133 2275 1209 2327 alteri
1223 2275 1379 2328 substantiae

322 2396 453 2469 jungitur.
483 2397 605 2461 Pertiale,
619 2414 702 2466 qaum
715 2398 795 2449 unius
807 2396 961 2450 substantiae
974 2402 1063 2464 partes
1077 2393 1283 2466 conjunguntur.
1321 2394 1381 2447 Hoc

327 2524 416 2570 eutem
440 2517 616 2586 compositum
641 2516 770 2586 superiori
791 2514 937 2585 simplicius
957 2522 1004 2566 est.
1042 2512 1114 2565 lllud
1137 2530 1198 2565 vero
1226 2530 1260 2565 ex
1281 2522 1336 2567 toto
1356 2523 1383 2566 et

327 2637 483 2689 naturaliter
504 2636 601 2688 dicitur
622 2635 755 2704 simplum,
783 2634 856 2704 quod
882 2641 954 2686 caret
979 2640 1006 2685 et
1029 2633 1198 2686 substanti-eli
1225 2642 1252 2685 et
1275 2633 1382 2703 partiali

327 2755 527 2825 compositione.
550 2757 649 2808 Anima
673 2754 771 2824 itaque,
798 2754 861 2823 quia
882 2770 969 2823 neque
992 2753 1156 2807 diversarum
1176 2755 1382 2807 substantiarum

327 2888 415 2941 nequa
436 2869 555 2941 ejusdem
577 2871 740 2934 substantiae,
762 2871 925 2923 diversarum
938 2872 1054 2942 partium
1066 2872 1093 2923 in
1114 2890 1172 2925 sese
1194 2872 1304 2942 suscipit
1321 2890 1385 2925 con·

325 2992 501 3061 junctionem,
525 2990 681 3043 naturaliter
704 2998 745 3043 est
769 2990 891 3061 simplex.
908 2992 971 3044 Non
995 2992 1067 3044 enim
1092 3009 1125 3045 ex
1151 2992 1227 3062 prius
1249 2992 1380 3045 existente

330 3109 421 3178 aliqua
446 3110 558 3161 materia
578 3116 668 3162 creata
695 3118 734 3161 est
752 3118 783 3162 ut
801 3118 924 3180 respectu
943 3109 1064 3162 materiei
1082 3127 1137 3163 suae
1167 3111 1313 3181 composita
1329 3109 1383 3163 dici

330 3226 420 3296 possit,
444 3227 513 3279 sicut
535 3228 564 3279 in
588 3228 661 3280 omni
683 3245 763 3298 opere
785 3228 813 3281 id
838 3228 911 3298 quod
943 3228 1044 3281 sactum
1071 3236 1111 3281 est
1134 3228 1232 3282 dicitnr
1256 3236 1385 3300 respectu

330 3344 402 3398 illius
432 3344 504 3414 quod
524 3345 557 3397 de
577 3362 609 3397 eo
629 3346 731 3398 facturn
752 3355 793 3398 est
812 3347 952 3417 simplum:
973 3347 1019 3400 sed
1041 3346 1074 3401 de
1095 3347 1181 3400 nihilo
1202 3346 1274 3401 facta
1293 3348 1385 3401 catho-

330 3462 381 3515 lice
401 3462 525 3516 creditur.
551 3462 685 3533 Angelica
706 3481 768 3516 vero
792 3472 889 3517 natura
908 3465 971 3535 quia
993 3465 1043 3518 hoc
1064 3465 1146 3519 habet
1165 3465 1288 3536 amplius,
1311 3464 1385 3535 quod

331 3582 413 3635 nullis
424 3582 543 3653 subjacet
554 3582 774 3653 corruptionibus,
796 3585 1022 3653 quemadmodum
1044 3585 1133 3637 anima
1148 3604 1181 3638 ex
1201 3586 1387 3657 conjunctione

333 3702 461 3773 corporis,
476 3701 585 3755 liberius
596 3702 685 3755 evolat
698 3703 734 3755 ad
747 3703 936 3756 secretissimos
958 3704 1134 3775 simplicitatis
1154 3721 1281 3757 recessus.
1319 3704 1387 3758 Inde

334 3822 413 3874 etiam
438 3821 493 3874 fere
520 3838 613 3874 omnes
632 3818 783 3891 philosophi
808 3822 987 3887 consentiunt,
1010 3828 1038 3876 et
1059 3822 1219 3893 principium
1239 3840 1328 3876 rerum
1349 3830 1390 3876 est

333 3936 453 4008 perfecta
464 3938 602 4009 sapientia,
615 3938 705 3990 lumen
719 3938 888 4009 praeclarum,
911 3940 1059 3993 substantia
1077 3939 1291 4005 substantiarum,
1313 3958 1391 4010 argu·

334 4065 454 4111 mentum
466 4076 557 4111 rerum
567 4057 762 4111 universarum.
782 4057 815 4109 ld
828 4066 916 4111 autem
928 4059 1000 4112 unde
1014 4067 1053 4112 est
1067 4059 1181 4130 simplex
1201 4061 1277 4131 cujus
1289 4059 1391 4130 simpli·

337 4179 403 4234 citas
427 4180 536 4243 confert,
556 4195 609 4232 non
625 4177 711 4231 aufert
725 4177 934 4247 simplicitatem.
972 4179 1066 4248 Neque
1089 4178 1159 4232 enirn
1182 4186 1311 4232 creaturas
1331 4196 1389 4231 suae
