3100 5192
354 506 405 555 106
789 505 824 556 G.
846 504 965 558 Aussrrs
1038 519 1043 529 '

346 663 414 709 turre
438 663 477 708 est
500 662 599 726 prater
617 665 756 727 peccatum
776 660 926 730 assumpsit,
950 668 977 713 et
996 658 1126 713 humanos
1149 661 1263 714 aflectus
1287 679 1342 715 non
1355 662 1401 715 fal·

344 772 438 825 laciter
463 774 510 827 sed
533 775 662 829 veraciter
683 776 786 841 habuit,
812 776 944 847 quomodo
968 794 1032 847 ergo
1056 778 1182 835 mentitur
1209 780 1342 835 humanos
1367 782 1402 835 as·

267 864 271 871 Ι
343 893 451 949 fectus?

850 1352 894 1401 46.

382 1464 538 1520 FRATRIBUS
563 1483 592 1518 m
616 1484 731 1520 cantaro
755 1484 953 1519 nrtucrrssnsss
977 1483 1081 1520 FRATER
1105 1467 1139 1519 G.
1167 1484 1275 1519 enarer!
1308 1486 1406 1522 §Affli-

249 1588 255 1599 ’
347 1603 395 1639 nos
408 1604 539 1639 ιιιιιτιιιι
552 1603 726 1639 ornrtrrosrs
737 1603 770 1639 rr
788 1603 873 1639 ercis.

379 1706 469 1764 Quam
483 1704 564 1759 unica
573 1712 600 1758 et
613 1704 742 1775 singulari
751 1721 816 1773 erga
832 1704 951 1757 omnium
960 1711 987 1757 et
995 1703 1160 1774 singulorum
1168 1710 1321 1757 vestrorum
1330 1704 1404 1759 salu·

345 1829 400 1875 tem
419 1822 562 1875 affectione
578 1830 607 1874 et
628 1821 808 1875 sollicitudine
828 1830 927 1887 tenear,
950 1822 1047 1876 unicus
1066 1822 1110 1875 ille
1130 1822 1239 1894 spiritus
1260 1823 1336 1876 novit
1356 1824 1402 1894 qui

344 1947 477 1993 scrutantr
488 1939 569 1993 etiam
579 1938 714 2011 protunda
721 1917 782 1993 Dei.
802 1940 866 1993 Nou
878 1940 983 2011 ignorat
994 1940 1046 1994 hoc
1058 1941 1116 2013 ipsa
1127 1958 1233 2011 quoque
1243 1942 1332 1994 anima
1343 1958 1403 1997 mea

344 2069 426 2125 quam
443 2052 546 2105 utinam
564 2052 634 2107 sicut
651 2059 692 2105 est
710 2051 858 2107 intueretur
878 2052 970 2106 oculus
981 2053 1079 2105 mentis
1090 2060 1196 2118 vestrae,
1210 2060 1237 2106 et
1248 2052 1306 2107 sine
1317 2053 1399 2107 dubio

344 2178 539 2243 compateretur
550 2169 684 2227 doloribus
695 2172 772 2225 meis.
809 2171 945 2227 Praesumo
958 2170 1036 2224 etiam
1051 2170 1080 2223 in
1093 2170 1264 2224 conscientiis
1280 2189 1398 2242 quorun·

343 2290 407 2343 dam
430 2290 584 2344 manifestos
602 2308 651 2343 nos
671 2308 737 2355 esse,
756 2291 853 2360 quilius
872 2289 943 2343 idem
958 2290 1052 2344 suadet
1066 2290 1168 2361 puritas
1184 2308 1232 2343 sua
1250 2298 1278 2344 et
1296 2291 1398 2346 veritas

343 2425 413 2463 mea
449 2407 547 2461 Nullus
558 2426 605 2461 vos
617 2408 809 2463 circumvenire
822 2395 1017 2463 adulationibus
1029 2408 1108 2461 nullis
1121 2409 1232 2463 allicere
1244 2408 1399 2464 fomentati·

342 2545 425 2583 onum
436 2527 557 2593 fallaciis,
570 2527 665 2581 fratres
676 2528 814 2593 carissimi,
826 2528 904 2581 volo:
933 2528 981 2580 sed
996 2535 1026 2580 ut
1041 2545 1097 2598 pax
1110 2535 1201 2582 vestra
1216 2527 1293 2583 firma
1314 2528 1349 2582 sit
1363 2528 1399 2582 ad

343 2646 440 2712 Deum,
459 2653 486 2699 et
504 2664 548 2699 me
564 2663 619 2699 uon
639 2646 765 2700 estimatis
786 2646 939 2701 acordibur
958 2646 1052 2700 vestris
1072 2646 1197 2715 alienum,
1218 2648 1278 2701 haec
1298 2648 1396 2702 scribo.

340 2765 482 2830 Caeterum,
496 2765 590 2835 siquis
602 2765 679 2818 aliter
690 2766 767 2836 sapit,
782 2764 887 2837 desipit.
915 2766 1010 2837 Itaque
1022 2766 1160 2838 resipiscet
1181 2766 1299 2820 animam
1318 2784 1399 2822 suam

341 2881 449 2947 ledere,
463 2880 545 2935 inimo
557 2882 692 2947 damnare,
705 2882 851 2954 quipacem
859 2892 975 2937 vestram
987 2892 1014 2937 et
1025 2902 1113 2937 meam
1122 2884 1220 2954 quaerit
1230 2886 1397 2955 perturbare.

344 3002 408 3056 Non
428 3000 538 3072 designo
551 3000 667 3071 aliquem
678 3000 722 3054 vel
733 3000 885 3072 impropero
904 3001 999 3072 cuique
1018 3001 1158 3055 stultitiam
1170 3019 1255 3055 suam.
1293 3003 1400 3056 Sufficit

342 3120 416 3174 enim
428 3120 560 3173 accusatio
573 3118 687 3190 propriae
700 3119 870 3171 conscientiae
890 3126 917 3172 et
929 3117 964 3171 ad
976 3127 1138 3172 tormentum
1158 3138 1206 3190 pro
1226 3121 1304 3173 malis
1322 3129 1349 3173 et
1365 3122 1400 3175 ad

345 3230 463 3303 primum
474 3248 522 3302 pro
534 3229 634 3282 meritis
645 3229 727 3283 bouis.
763 3228 872 3281 Prorsus
883 3246 962 3281 nemo
975 3246 1008 3281 ex
1016 3228 1067 3282 hoc
1076 3230 1145 3282 inter
1158 3247 1203 3284 vos
1213 3232 1396 3295 conturbetur,

343 3349 408 3421 quia
426 3348 515 3402 inanis
528 3365 666 3420 nunquam
679 3348 728 3400 erit
739 3347 915 3417 poenitentia:
934 3348 1065 3403 duntaxat
1077 3349 1100 3403 si
1123 3350 1205 3403 fuerit
1221 3368 1293 3405 vera.
1331 3351 1402 3406 Filio

343 3467 455 3538 virginis
466 3474 552 3521 castas
562 3473 666 3521 mentes
678 3472 843 3537 preparate:
863 3465 918 3520 filio
929 3465 1061 3521 Altissimi
1071 3466 1186 3523 humiles
1205 3468 1308 3523 animas
1320 3470 1400 3525 exhi·

341 3591 423 3645 bete:
463 3592 559 3665 angelo
583 3590 730 3646 sanctitatis
752 3587 906 3643 habitacula
929 3588 1049 3643 cordium
1072 3596 1220 3645 vestrorum
1246 3590 1390 3647 emundate

346 3710 452 3767 valete.
