3100 5192
325 554 376 604 144
407 561 434 631 ἐζ
797 552 830 605 G.
857 554 977 605 Asseris

323 708 389 761 meis
401 708 502 779 scripsi,
516 708 552 760 sic
573 709 700 763 babetur:
725 710 794 763 Rem
806 726 869 763 vero
880 725 961 761 uuam
975 707 1160 761 convenientia
1174 705 1228 759 duo
1249 706 1291 760 vel
1303 707 1379 777 plura

324 822 470 891 aliquando
492 821 602 889 iaciunt,
623 832 653 877 ut
673 842 768 895 corpus
791 840 875 877 unum
896 831 1020 876 constans
1042 838 1076 875 ex
1097 829 1211 893 quatuor
1231 824 1377 877 elementis.

326 939 381 992 Hic
392 941 492 993 nullius
505 941 681 995 cavillationis
691 942 780 995 locum
803 942 969 1013 aliquatenus
991 940 1183 1005 animadverto,
1205 949 1233 995 et
1252 941 1315 995 ideo
1327 960 1380 994 res-

324 1058 444 1129 pondere
459 1077 550 1129 parco.
587 1061 656 1115 ltem
670 1080 730 1131 quae
741 1062 861 1115 intulisse
870 1078 912 1113 me
922 1060 1023 1123 scribis,
1037 1058 1125 1111 Deum
1133 1059 1220 1129 magis
1232 1060 1338 1129 proprie
1348 1078 1381 1114 ex

327 1176 495 1247 simplicitate
519 1197 600 1249 quam
623 1180 733 1244 unitate,
760 1182 841 1235 miror
864 1180 1033 1238 calumniam.
1073 1178 1172 1231 Nonne
1196 1179 1267 1231 enlm
1290 1179 1381 1233 statim

325 1299 452 1368 subjunxi
465 1300 533 1353 nihil
544 1301 578 1353 de
589 1301 647 1355 Deo
658 1303 764 1372 proprie
776 1303 848 1357 dicii
866 1304 882 1357 J
885 1322 926 1359 am
940 1304 1011 1375 quia,
1024 1306 1062 1359 mi
1075 1304 1253 1367 dilectissime,
1266 1301 1382 1354 dulcedo

324 1418 457 1471 viscerum
469 1438 598 1486 meorum,
610 1421 701 1475 lumen
715 1423 860 1477 amicorum
873 1442 999 1488 meorum,
1014 1442 1061 1494 pro
1073 1442 1115 1477 rna
1128 1422 1251 1487 satisfeci,
1262 1420 1384 1491 epistolae

328 1548 383 1592 tuae
395 1541 540 1595 sententias
553 1540 682 1610 quasdam
700 1542 782 1611 digne
794 1542 943 1595 invectione
957 1542 1126 1612 corrigendas
1139 1549 1165 1595 et
1183 1542 1248 1594 lima
1261 1540 1385 1611 correpti·

328 1660 388 1713 onis
408 1658 592 1729 explanandas
610 1660 704 1729 reperi.
752 1660 824 1719 Quid
837 1660 910 1725 dicis,
931 1662 1029 1715 amor?
1047 1660 1171 1713 Placetne
1183 1660 1256 1730 quod
1268 1660 1386 1728 loquor?

329 1777 486 1831 Gratiamue
502 1784 575 1830 tuam
596 1793 748 1845 persequor.
786 1776 865 1835 Quod
884 1776 924 1829 ris
939 1777 1005 1846 jube
1026 1784 1052 1829 et
1075 1776 1190 1829 faeiem:
1210 1776 1312 1829 clavem
1332 1776 1385 1829 oris

327 1895 381 1947 mei
393 1894 503 1958 custodi,
518 1910 552 1946 ne
564 1893 639 1947 laesio
650 1900 805 1963 prorumpat
817 1893 903 1947 amici.
935 1893 1093 1963 Constringe
1102 1894 1192 1947 lauces
1202 1895 1381 1960 maxillarum,

330 2032 366 2067 ne
383 2013 519 2085 profluant
537 2013 565 2065 iu
582 2011 658 2083 jocos
677 2012 837 2065 sirenarum.
874 2012 957 2082 Aperi
976 2021 1066 2065 tamen
1087 2013 1232 2083 aliquando
1253 2014 1334 2079 labia,
1354 2022 1386 2066 ut

327 2132 469 2187 excludam
481 2130 637 2201 gravandus
648 2147 716 2183 mae.
748 2128 876 2181 Nicolaus
888 2130 960 2183 enim
981 2137 1051 2193 tuus,
1071 2130 1155 2183 immo
1166 2139 1264 2195 noster,
1284 2132 1383 2201 gratias

330 2248 580 2321 supervacuasJagit
592 2249 686 2317 gratiae
698 2256 728 2300 ut
741 2249 834 2328 asserit
845 2266 922 2312 meae,
938 2250 1000 2318 quia
1013 2251 1093 2303 rerba
1105 2251 1214 2320 (inquit)
1228 2259 1319 2304 nostru
1339 2252 1382 2305 vel

329 2386 363 2421 ex
375 2374 450 2437 parte
462 2366 605 2436 recepistis,
615 2366 737 2419 receditis
750 2374 839 2419 autem
853 2366 881 2419 in
896 2367 1018 2419 omnibus
1030 2385 1048 2419 s
1058 2367 1177 2421 Claudio.
1211 2369 1384 2441 ludicujudi-

329 2487 401 2539 ciuus
419 2503 517 2550 meum,
539 2502 614 2539 amor
632 2487 713 2556 juste.
748 2484 821 2543 Quid
842 2484 935 2538 enirn?
953 2485 1024 2538 Pene
1046 2504 1189 2541 nervorum
1209 2500 1236 2542 et
1254 2506 1384 2544 venarum

329 2607 375 2660 fila
400 2606 490 2659 nimiae
515 2605 660 2659 inflationis
684 2604 853 2675 protensione
879 2606 984 2659 intensa
1004 2616 1173 2677 rumpuntur.
1210 2609 1385 2667 Protestando

325 2728 419 2798 jurant
430 2733 457 2778 et
471 2732 655 2778 contestantur
667 2725 824 2789 intellectus,
838 2725 905 2779 ratio
918 2733 944 2778 et
964 2727 1099 2790 memoria,
1122 2728 1220 2781 falsum
1243 2738 1336 2783 contra
1356 2748 1384 2784 se

327 2842 412 2895 latum
428 2839 617 2892 testimonium.
654 2838 709 2889 Vix
722 2838 878 2908 patientiam
891 2839 1047 2908 persuadeo.
1082 2841 1379 2913 Amicusest'jnquies,
1464 2906 1466 2909 .

328 2962 440 3023 facetus,
452 2958 543 3028 lepido
551 2956 671 3028 jocorum
684 2973 805 3009 sermone
817 2957 943 3011 urbanus.
990 2957 1052 3009 Sine
1064 2958 1103 3011 ira
1114 2959 1205 3030 itaque
1218 2969 1244 3014 et
1254 2962 1386 3033 discepta-

326 3084 398 3136 tione
409 3078 620 3133 inextricabilem
632 3075 814 3145 labyrinthum
833 3072 981 3129 rationibus
994 3077 1047 3129 suis
1069 3077 1242 3146 intexentem,
1267 3090 1293 3135 ct
1311 3100 1384 3138 nunc

330 3208 438 3279 quidem
451 3223 505 3276 qua
517 3204 651 3273 egreditur
661 3203 846 3266 introeuntem,
860 3220 931 3254 nunc
944 3220 1006 3255 vero
1018 3222 1070 3273 quo
1083 3205 1231 3275 ingreditur
1243 3218 1384 3265 exeuntem

329 3328 430 3380 sustine
443 3346 449 3391 ;
470 3323 629 3391 complicata
642 3323 699 3391 ejus
714 3322 820 3390 explica
832 3340 839 3385 ;
858 3322 928 3373 male
941 3323 1072 3392 explicata
1081 3326 1189 3396 replica.

364 3443 390 3493 0
401 3441 563 3505 dulcissime,
577 3440 736 3503 dormiebas,
754 3437 861 3507 quando
875 3440 1014 3509 epistolam
1033 3452 1150 3498 nostram
1170 3446 1285 3517 legebas.
1305 3450 1384 3505 Forte

329 3578 388 3615 eras
402 3566 553 3629 occupatus,
568 3567 595 3611 et
606 3557 666 3611 ideo
679 3574 734 3609 uon
747 3574 777 3609 es
790 3556 946 3627 culpandus.
984 3558 1017 3611 In
1029 3559 1080 3613 hoc
1094 3569 1183 3615 tamen
1197 3560 1393 3621 inexcusabili-=

328 3689 370 3735 ter
381 3680 503 3750 culparis,
518 3678 591 3749 quod
603 3678 747 3746 gratiarum
759 3685 863 3729 tuarum
876 3676 988 3729 nimium
1000 3678 1135 3749 prodigus,
1149 3681 1213 3735 dum
1226 3685 1296 3738 male
1307 3686 1383 3740 locas

327 3800 427 3870 perdis.
465 3798 528 3850 Illas
540 3797 612 3850 enirn
623 3812 696 3848 mess
708 3796 806 3867 gratias
828 3796 874 3848 ubi
897 3796 1102 3867 deprehendisti,
1124 3800 1219 3869 quibus
1240 3802 1383 3873 ingratiose

328 3918 428 3988 gratias
452 3916 527 3985 agis?
570 3914 622 3966 Sed
645 3913 732 3983 quid?
757 3914 840 3966 miror
863 3922 889 3966 te
914 3914 1029 3967 mirabili
1053 3924 1080 3968 et
1105 3918 1226 3971 inaudite
1262 3922 1383 3976 novitate

329 4036 440 4107 gratiam
470 4052 531 4103 quoe
553 4050 607 4086 non
633 4040 673 4085 est
694 4033 780 4100 gratia
805 4049 928 4096 asserere,
964 4052 1046 4102 quum
1073 4037 1195 4088 mutandi
1228 4046 1253 4090 et
1273 4056 1381 4108 permu-

328 4155 403 4207 tandi
417 4171 505 4205 rerum
518 4161 544 4203 et
556 4152 702 4204 verborum
719 4151 893 4221 proprietates
909 4152 1063 4205 auctoritate
1074 4154 1130 4223 jam
1149 4155 1260 4223 pristina
1271 4158 1386 4225 coeperis
