3100 5192
305 393 341 445 90
615 390 628 406 ‘
749 388 783 440 G.
799 387 919 439 Asseris

303 540 525 607 mansuetudinis,
538 542 652 597 scribere
665 541 741 593 vobis
752 542 896 613 proposui:
916 541 962 612 qui
973 546 1086 612 patema
1098 538 1248 613 prsscordia
1260 541 1362 596 aculeis

303 668 440 721 literarum
453 675 601 719 vestrarum
614 666 713 734 absque
723 662 905 717 misericordia
915 662 1052 734 perfodere
1062 680 1117 717 non
1129 662 1262 719 timuistis.
1299 663 1363 719 Mo·

304 794 350 841 vet
362 803 405 838 me
418 795 444 838 et
456 793 606 838 commovet
626 784 770 856 plurimum
791 784 835 855 pia
851 790 974 837 senectus
987 783 1014 836 in
1030 790 1114 855 patre,
1128 783 1280 838 miseranda
1291 802 1365 837 com·

306 904 394 979 passio
406 903 435 957 in
446 904 572 957 fratribus
585 902 747 975 abjectione,
757 922 831 957 saevs
843 912 870 958 et
881 904 1056 975 intemperata
1068 904 1152 959 oratio
1164 904 1191 957 in
1203 904 1363 975 paginatam

307 1044 382 1081 sene.
419 996 594 1079 Dissimulare
606 1043 656 1079 nec
668 1034 724 1079 tam
736 1024 877 1079 manifesta
889 1025 1056 1095 redarguere,
1069 1040 1132 1095 pars
1144 1022 1262 1096 ejusdem
1275 1023 1366 1078 crimi-

306 1147 348 1200 nis
366 1144 551 1200 videturesse.
588 1144 656 1204 Quis
674 1144 744 1197 enim
762 1145 812 1198 iste
827 1144 960 1216 impetus?
979 1160 1039 1216 quae
1057 1144 1109 1197 ista
1125 1143 1257 1199 ebrietas?
1286 1141 1361 1214 quod

306 1264 443 1335 suffigium
455 1263 552 1317 mentis
566 1271 727 1316 etsensuum
739 1262 849 1317 fratrem
869 1262 1002 1327 abdicare,
1021 1261 1091 1334 patri
1110 1262 1300 1327 contradicere,
1315 1262 1365 1333 jus

309 1384 409 1438 ordinis
422 1375 560 1437 monastici
572 1383 610 1437 sic
621 1382 793 1455 perturbare?
823 1382 899 1437 Dura
912 1391 938 1437 et
954 1382 1021 1448 dira,
1041 1383 1138 1437 fratres
1155 1383 1219 1448 mei,
1232 1380 1369 1437 aemulstio

310 1504 399 1570 vestri,
412 1511 498 1557 morte
510 1503 616 1568 tristior,
629 1503 733 1557 inferno
750 1503 867 1569 inferior,
880 1520 946 1557 saxo
965 1502 1064 1569 durior,
1078 1501 1192 1558 amarior
1211 1501 1364 1574 absynthio,

312 1623 374 1678 felle
393 1624 532 1678 acetosior.
569 1623 641 1683 Quid
659 1623 747 1677 enimi
778 1622 867 1678 Pietas
884 1632 1011 1694 negatur:
1042 1632 1153 1677 necatur
1170 1622 1364 1688 misericordia;

310 1742 396 1798 bonor
408 1751 535 1814 paternus
548 1742 726 1807 conviciamur,
755 1741 923 1796 insimulatur
934 1759 1007 1797 amor
1019 1741 1166 1808 fraternum
1194 1740 1306 1796 societas
1323 1757 1366 1795 rc·

310 1860 433 1933 pellitur,
453 1860 679 1931 regulaviolatur.
715 1859 894 1932 Oirreligiosa
906 1860 1012 1932 religio!
1049 1860 1150 1916 Oficta
1161 1859 1300 1915 sanctitas!
1338 1859 1363 1911 0

310 1980 444 2035 invidiosa
456 1980 567 2035 caritas!
586 1981 698 2040 Siccine.
712 1979 809 2035 iratres
819 1981 871 2037 mei
883 1980 1018 2047 carissimi,
1033 1981 1131 2035 siccine
1143 1981 1278 2036 Christum
1296 1978 1366 2034 didi-

311 2103 403 2159 cistis?
420 2104 518 2158 Nonne
532 2103 606 2157 Deus
617 2112 708 2157 noster
720 2102 794 2157 Deus
805 2102 880 2174 pacis
892 2111 932 2157 est
943 2110 971 2157 et
979 2120 1033 2158 non
1042 2103 1231 2157 dissentionis?
1248 2101 1366 2155 Ostulta

312 2221 436 2276 vecordia
452 2222 567 2286 illorum,
587 2221 633 2291 qui
651 2238 744 2308 parem
761 2238 837 2275 susm
855 2220 956 2287 dicunt,
975 2222 997 2277 si
1013 2222 1123 2277 fratrem
1140 2240 1195 2277 non
1212 2221 1363 2294 receperint

310 2349 424 2395 mortem
442 2339 465 2393 si
482 2338 598 2393 viderint
614 2339 817 2411 prosperitatem
835 2339 857 2393 si
875 2341 976 2395 socium
995 2341 1231 2395 exterminaverint
1248 2340 1366 2395 devotio-

313 2477 384 2523 nem,
404 2458 428 2512 si
445 2475 512 2530 opus
531 2458 679 2512 devotionis
698 2458 941 2513 condemnaverint.
987 2458 1056 2514 Haec
1074 2458 1102 2514 in
1121 2468 1146 2513 te
1166 2460 1248 2531 pestis
1264 2459 1368 2531 loseph

314 2590 462 2635 crassstur:
499 2580 551 2634 hoc
578 2579 606 2632 in
635 2588 712 2635 tuum
741 2586 821 2649 caput
851 2577 1026 2633 infortunium
1053 2578 1110 2633 sine
1139 2579 1220 2651 csilpa
1246 2578 1366 2633 refundi·

309 2709 362 2754 tur.
408 2698 532 2752 Vendere
559 2698 631 2751 enirn
654 2707 680 2751 ts
703 2698 800 2751 fratres
822 2698 923 2763 volunt,
945 2715 1026 2769 quem
1047 2698 1138 2753 videre
1159 2698 1263 2753 nolunt.
1308 2697 1361 2752 Pa·

312 2828 398 2872 ternae
409 2818 503 2888 gratiae
515 2817 736 2889 impedimentum
748 2816 799 2870 sibi
811 2817 923 2873 credunt
933 2819 996 2888 quis
1004 2820 1074 2891 pstri
1082 2819 1228 2891 gratiosum
1238 2817 1366 2873 sentiunt.

315 2936 359 2989 Sic
371 2933 409 2989 sic
420 2934 531 2989 fratrum
543 2933 762 3006 ingratitudinem
775 2942 908 2989 mercatur
916 2934 1050 3007 gratitudo
1067 2938 1159 3008 patris.
1195 2937 1225 2990 Si
1242 2936 1369 2993 deluerit»

306 3054 449 3129 inquiunt,
463 3062 567 3107 amatus
580 3052 657 3118 filius,
671 3052 706 3107 ad
718 3071 766 3107 nos
779 3052 879 3107 resiliet
887 3062 1013 3127 paternus
1022 3054 1145 3110 allectus.
1182 3055 1255 3112 Dum
1264 3054 1368 3127 loseph

316 3174 418 3227 visibus
436 3172 536 3226 sistitur
553 3172 644 3243 patris,
663 3173 748 3226 rarior
765 3172 800 3227 ad
824 3190 874 3227 nos
898 3172 1048 3228 deflectitur
1064 3173 1178 3229 dulcedo
1195 3173 1371 3246 paternitatis.

315 3290 452 3344 Tollamus
469 3290 579 3343 fratrem
597 3297 623 3341 et
640 3288 798 3342 habebimus
816 3299 928 3360 patrem.
964 3293 1052 3351 Quam
1065 3292 1165 3365 justius
1181 3300 1209 3347 et
1222 3291 1368 3365 jucundius

315 3408 446 3471 faceretis,
460 3407 483 3460 si
493 3406 569 3459 vobis
578 3406 685 3460 filialem
696 3406 863 3462 devotionem
873 3407 1076 3465 invisceraretis.
1112 3410 1279 3483 Hocnempe
1289 3412 1371 3467 alsec-

317 3536 374 3581 tum
391 3526 589 3598 multiplicaret,
608 3543 663 3581 non
681 3525 840 3583 devastaret.
877 3528 945 3584 Boni
962 3528 1057 3585 fratres
1075 3539 1102 3585 et
1124 3530 1203 3586 amici
1230 3530 1367 3597 carissimi,

228 3650 233 3659 '
316 3645 460 3702 currebatis
483 3646 561 3700 bene.
597 3646 663 3706 Quis
687 3664 735 3699 vos
760 3646 900 3703 fascinavit
919 3649 957 3701 sic
975 3650 1045 3720 patri
1062 3649 1185 3716 scribere,
1204 3650 1242 3704 sio
1260 3651 1372 3706 fratrem

316 3766 497 3838 proscriberet
515 3765 586 3824 Quid
602 3766 672 3819 enim
684 3765 826 3821 'lezelinus
837 3768 902 3849 mali
914 3769 993 3824 secitl
1012 3771 1077 3841 quid
1086 3780 1142 3825 tam
1149 3770 1370 3827 immanissimum

317 3901 395 3938 snum
405 3884 519 3950 facinus,
532 3892 563 3938 ut
575 3884 612 3938 sic
625 3893 718 3939 contra
728 3886 824 3957 legem,
833 3892 890 3944 sine
901 3891 969 3963 lege,
978 3904 1066 3950 vestro
1077 3893 1182 3969 judicio
1200 3912 1254 3948 non
1265 3896 1376 3954 rediret!

318 4002 374 4057 Ubi
385 4010 447 4061 sunt
458 4001 645 4093 miseranda
657 4017 754 4063 vestra
766 4011 893 4084 antiquae,
905 4010 1001 4081 quibus
1010 4012 1116 4067 veniam
1126 4012 1273 4069 criminosis
1284 4010 1372 4067 indul-
