3100 5192
525 548 684 603 Dsnreuars
702 566 849 604 nrrsronn.
1180 551 1214 607 77

159 702 244 758 utun
260 699 369 756 dimano
382 714 439 755 noa
454 699 554 767 deiide,
571 702 636 775 quia
651 701 733 757 stiam
748 700 857 757 tertium
872 701 973 757 coelum
988 699 1148 774 petentibus,
1167 720 1215 759 reu

162 821 374 893 percuntibus,
392 820 461 875 iides
476 820 667 877 manationis
683 822 817 895 passionis
833 830 860 876 et
874 822 975 889 martis,
995 829 1124 894 tanqum
1140 822 1214 877 scula
1277 862 1279 869 ·

161 942 256 1007 Jaooi,
268 940 529 996 reiaomunsnisut
564 940 600 996 lu
610 941 723 997 introitu
733 958 798 997 raro
810 941 976 996 tabernaculi
985 958 1040 997 aon
1058 941 1215 1007 mmadacti,

161 1060 192 1115 id
201 1068 243 1115 esi
252 1074 309 1116 non
319 1060 399 1134 liujus
410 1060 561 1127 creationis,
574 1061 647 1132 quod
657 1061 761 1117 scilicet
772 1062 824 1116 fuit
835 1062 911 1117 Deus
922 1068 950 1116 et
961 1076 1017 1117 nou
1028 1061 1117 1128 domo,
1130 1060 1215 1134 porri-

46 1250 50 1253 ἡ
159 1181 234 1251 gitur
245 1180 323 1251 panis
334 1178 368 1234 de
379 1177 485 1234 duabm
495 1177 606 1235 decimis
617 1178 742 1235 simileid
755 1188 796 1235 est
807 1180 953 1236 consolatio
966 1188 1065 1247 eterna,
1077 1198 1128 1253 pro
1145 1181 1216 1252 legit

161 1305 190 1355 et
200 1298 332 1371 evangelii
344 1301 579 1367 consummatione,
591 1312 642 1355 nec
653 1316 708 1355 non
719 1316 770 1373 pro
782 1302 869 1357 caruis
880 1302 999 1374 perlecta
1010 1300 1211 1374 incorruptione

159 1425 188 1473 et
200 1429 264 1474 vera
275 1419 414 1473 sancfiiaic
423 1420 530 1473 animm
565 1419 681 1475 iitatam
692 1428 739 1475 aut
750 1416 871 1492 gladium
882 1420 917 1475 ad
929 1422 995 1493 quid
1003 1422 1113 1493 petitisi
1130 1434 1212 1493 quern

158 1537 309 1593 interficere
320 1538 419 1592 vultisi
436 1555 516 1610 quern
526 1538 623 1595 iarirei
639 1539 694 1593 Uiri
705 1546 746 1593 est
755 1538 800 1593 vel
812 1539 872 1609 quus
884 1546 924 1593 cat
932 1537 1097 1595 adversarium
1105 1540 1212 1595 veruti

156 1658 258 1713 Nonne
268 1675 316 1713 vos
328 1658 483 1729 confugistis
493 1658 529 1712 ad
539 1658 671 1712 tutisdma
682 1658 742 1711 loca
758 1654 902 1728 Engaddii
919 1652 1017 1713 Nonne
1034 1658 1155 1713 Christus
1172 1666 1213 1713 ast

159 1776 235 1831 voltis
252 1784 329 1847 petra
343 1775 457 1847 reiurgiii
472 1790 562 1830 nonne
577 1776 657 1830 turris
672 1776 853 1830 fortitudinisi
869 1788 958 1832 noune
974 1778 1061 1831 omnia
1078 1784 1214 1855 mutatura

160 1890 288 1950 fortiumi
312 1908 403 1949 nonne
416 1892 594 1966 inattingibile
605 1896 858 1968 propugnaculum?
882 1908 972 1950 noune
984 1896 1067 1967 gladii
1079 1895 1140 1962 duc,
1153 1910 1214 1951 acu-

157 2025 224 2084 tum,
237 2027 323 2082 arcus,
334 2024 361 2071 et
372 2016 485 2087 sagittat
502 2015 528 2067 0
539 2015 676 2070 tortissimi
687 2015 786 2069 milites
802 2016 915 2069 Christi!
934 2016 1040 2071 hastam
1055 2022 1208 2088 protensam

156 2138 261 2193 habetis
271 2136 301 2192 iu
314 2135 476 2191 orationibus
484 2134 625 2200 continruis,
633 2134 751 2206 gladium
760 2134 790 2188 in
798 2130 1000 2189 mortificatione
1009 2135 1104 2200 cunis,
1111 2148 1210 2206 panem

156 2263 279 2311 sanctum
290 2254 319 2309 iu
331 2271 378 2326 spa
395 2261 494 2309 eterne
510 2251 725 2324 glorificationis:
750 2252 828 2307 nasu
844 2260 932 2307 vestm
946 2266 1001 2307 uon
1018 2261 1059 2307 est
1073 2266 1167 2307 aversa
1180 2252 1210 2306 in

156 2372 342 2442 aversitatim
351 2370 455 2437 mundi,
468 2372 532 2443 quia
541 2380 630 2426 rectos
640 2368 728 2428 iaciiis
738 2383 843 2442 matus
855 2369 890 2426 sd
903 2371 1016 2425 caelum:
1035 2368 1142 2449 gladius
1152 2386 1208 2424 non

155 2492 312 2548 declinatio
325 2490 452 2546 conflictu
463 2489 653 2545 desideriorum
665 2496 693 2545 et
703 2490 806 2561 impetu
817 2488 1031 2560 suggestionum:
1064 2486 1128 2556 quia
1141 2492 1205 2549 ante

155 2612 245 2666 Deum
256 2618 297 2665 est
305 2626 383 2666 omne
392 2605 553 2666 desiderium
561 2616 695 2663 vestrum:
712 2606 792 2680 panis
801 2624 855 2661 non
864 2608 1027 2660 inveteratur
1037 2620 1072 2659 ex
1081 2603 1208 2658 dilatione

152 2732 331 2805 praemiomm,
345 2731 409 2801 quia
419 2730 555 2785 revirescit
563 2730 659 2786 caritas
668 2734 739 2782 corta
747 2724 990 2798 spepromissorum
998 2724 1138 2779 bonorum.
1175 2722 1208 2775 in

156 2850 245 2905 calore
255 2866 371 2921 namque
383 2866 430 2903 suo
441 2848 569 2921 perdurat
579 2847 664 2920 punis,
678 2846 742 2917 quia
754 2844 849 2899 caritas
860 2860 915 2899 uon
927 2841 1038 2915 tepescit
1046 2841 1075 2895 in
1084 2839 1209 2896 cordibus

156 2967 260 3022 vestris.
294 2965 359 3021 Nou
370 2964 511 3019 habetatur
522 2963 593 3017 acies
604 2962 695 3033 gladii,
712 2961 776 3031 quia
792 2977 845 3014 non
863 2959 1022 3015 defervescit
1037 2958 1110 3029 rigor
1127 2956 1208 3011 dirci-

155 3085 240 3158 plinoe
253 3102 284 3140 uc
297 3082 382 3138 sancti
392 3080 529 3154 propositi.
574 3078 660 3132 Hasta
674 3093 730 3131 non
747 3075 908 3146 infringitur,
923 3075 987 3145 quia
1005 3074 1089 3128 oratio
1106 3078 1206 3139 reama,

153 3204 275 3260 acumine
287 3216 335 3258 suo
347 3202 444 3257 caelum
456 3207 606 3272 penetrans,
619 3196 700 3251 nullis
712 3194 856 3251 obstaculis
866 3193 1058 3249 reverberatur.

191 3319 328 3377 0'belium
344 3318 446 3393 grande
460 3327 487 3374 et
504 3331 595 3389 grave,
609 3316 639 3370 in
651 3313 810 3370 statiom'but
829 3310 967 3379 dissimile,
979 3310 1009 3366 in
1022 3306 1124 3389 viribus
1140 3308 1208 3364 iute-

155 3440 242 3515 quale,
254 3440 283 3495 in
296 3438 377 3495 armis
394 3434 615 3509 incomparabile!
640 3434 767 3489 orector
776 3440 804 3487 et
820 3431 972 3488 moderetur
986 3429 1113 3494 omnium,
1126 3440 1208 3500 qaam

153 3560 206 3615 nisi
218 3571 236 3614 a
246 3568 274 3613 te
285 3558 361 3612 iieret
370 3556 514 3611 ridiculosa
524 3567 623 3627 pugna,
632 3552 731 3607 smmis
739 3559 766 3605 et
773 3550 897 3621 gigantis,
906 3544 1024 3602 hominis
1032 3554 1058 3601 et
1070 3546 1208 3610 damonia,

154 3676 278 3732 animalis
288 3670 388 3730 terreni
400 3682 427 3728 et
438 3673 511 3739 aerii,
522 3667 683 3726 velocissimi
695 3676 722 3723 et
732 3664 885 3731 mrdissimi
897 3663 1044 3720 stultissimi
1056 3670 1083 3716 ct
1095 3657 1210 3715 eallidit-

157 3796 227 3861 simi,
239 3791 381 3865 antiquior
393 3790 523 3857 moderni,
535 3786 654 3844 mortuiis
668 3796 695 3842 et
711 3782 883 3872 immortalis}
902 3782 961 3837 Stat
972 3780 1017 3835 iiie
1029 3780 1057 3834 in
1070 3777 1210 3851 mperiori-

157 3916 216 3981 us,
226 3888 299 3986 iseo
310 3910 360 3965 no
372 3907 400 3964 tn
412 3907 596 3964 suenorum:
616 3919 718 3979 pann
729 3904 775 3961 uu
786 3902 877 3969 nese,
889 3902 939 3958 ou
955 3914 1006 3955 nee
1017 3898 1117 3971 peaes:
1136 3897 1211 3953 aaa

153 4032 199 4086 ilie
212 4043 274 4102 quoe
284 4025 460 4101 persequitur,
472 4026 522 4079 iste
532 4023 612 4080 sentit
619 4040 671 4079 nec
683 4020 798 4078 attendit
809 4027 951 4093 aquatam
962 4016 1104 4073 crudeliter
1116 4014 1208 4069 veriss-

154 4154 237 4205 ratur.
274 4146 349 4203 Molo
363 4145 451 4201 camis
463 4144 619 4200 molestatum
630 4141 688 4207 iste,
700 4140 819 4196 bonitate
828 4136 961 4194 creatoris
974 4150 1006 4191 er
1017 4133 1149 4191 omatioue
1161 4146 1210 4187 sua
