3100 5192
316 599 353 664 70
771 601 806 653 G.
827 600 948 652 Annicia

319 742 397 809 ditor,
410 741 502 813 largus·
514 747 563 812 'pro
573 747 603 793 ae
615 729 717 810 nliqtiid
729 738 888 791 facientibus
901 736 1091 789 remunerator.
1127 734 1210 787 Orate
1228 733 1330 805 ithuc,
1344 742 1376 787 ut

322 862 448 927 etiatum,
463 868 543 932 quem
563 859 639 931 quaai
657 859 686 911 in
697 853 813 911 vinmilia
832 856 931 908 Christi
950 854 1078 919 retinetis,
1091 870 1145 907 non
1165 854 1296 917 amittam,
1310 861 1379 907 etut

324 980 441 1054 optando
452 977 592 1051 ioripaiatia
603 993 652 1050 pro
663 978 787 1032 Samuele
799 984 892 1032 nostro
901 976 1060 1049 proplietam
1071 989 1126 1028 non
1138 974 1292 1027 inferiorem
1308 972 1378 1026 reci-

324 1101 406 1173 piam.
443 1100 487 1153 Sic
498 1100 570 1152 enim
582 1098 644 1152 dote
656 1098 727 1150 bone
739 1096 847 1159 ditatur,
862 1094 1071 1149 consolationem
1084 1093 1202 1163 aliquem
1212 1090 1308 1145 veatrir
1321 1106 1380 1145 ora·

324 1218 441 1271 tiomlrua
453 1217 593 1287 accipiens,
607 1223 700 1286 potero
720 1222 863 1285 expectere
877 1214 953 1267 illam
974 1228 1064 1267 veram
1077 1220 1104 1265 et
1115 1218 1243 1276 eternam,
1260 1220 1310 1281 pro
1321 1226 1377 1282 qua

327 1332 520 1388 desolationem
531 1334 647 1405 auacipio
659 1333 833 1405 temporalem
846 1340 873 1386 et
884 1332 1070 1388 mecastoriam.
1089 1330 1201 1386 Valetei

492 1813 537 1868 32.
556 1815 697 1868 EISDEM
717 1814 936 1870 RESPONDET
955 1809 1007 1868 AD
1026 1814 1205 1874 QUAEDAM.

358 1932 744 1989 martinummontem
758 1954 792 1989 nn
805 1952 898 1989 uonna
910 1936 974 1999 Dm,
990 1950 1096 1987 ananan
1114 1934 1148 1988 G.
1168 1946 1345 1987 nutonnmnu

438 2061 546 2111 clinum
567 2075 642 2113 cuam
661 2075 828 2114 aaraourarc
856 2068 926 2110 unua
945 2071 1141 2109 orticarrraua
1160 2072 1271 2108 ans-—

361 2174 473 2225 liiiialtat
484 2176 593 2243 spiritua
604 2180 680 2227 meua
692 2177 720 2228 in
733 2169 793 2227 Deo
807 2175 916 2227 aaluta'ri
928 2192 998 2238 meo,
1008 2182 1066 2226 tum
1080 2173 1143 2243 quia
1154 2172 1245 2227 videre
1258 2182 1284 2226 at
1292 2172 1386 2227 audire

328 2299 376 2343 voa
394 2290 437 2342 ‘cci
456 2289 537 2343 camel
557 2292 651 2355 menri,
670 2300 729 2343 tum
747 2292 810 2361 ‘quia
828 2290 1016 2344 'familiaritatis
1033 2292 1147 2362 gratiam
1165 2292 1252 2361 gratia
1269 2308 1386 2361 superna

325 2409 457 2479 largiente
479 2409 580 2463 inv‘eni.
624 2410 740 2464 Accedit
760 2410 824 2465 huic
848 2410 1008 2464 beatitudini
1031 2429 1098 2465 mem
1128 2409 1205 2465 dulce
1234 2411 1386 2467 adinvicem

329 2525 520 2584 commercium
544 2528 701 2584 literamm:
725 2529 799 2583 unde
822 2538 851 2583 'et
874 2529 1095 2584 amaritudinibus
1117 2530 1186 2584 maia
1208 2530 1387 2600 mitigativum

329 2657 439 2720 parator
449 2649 616 2714 lectuarium,
630 2658 657 2703 et
667 2650 848 2719 inquietudini
861 2650 1003 2721 sopitivum
1015 2651 1248 2714 medicamentum,
1262 2659 1289 2704 et
1302 2650 1385 2703 hebe-

329 2766 417 2820 tudini
439 2784 495 2818 non
518 2766 652 2819 mediocre
663 2774 903 2836 eragmamcutum.
949 2768 1073 2841 Denique
1097 2770 1199 2839 quoties
1221 2770 1336 2823 immam
1360 2775 1388 2821 'et

224 2941 227 2948 ,
330 2883 435 2937 vultum
446 2882 560 2953 inspicio
572 2899 725 2935 sermonum
736 2890 897 2950 nostrorum,
911 2903 1010 2957 magna
1021 2885 1118 2937 virtute
1135 2885 1301 2939 veneniferos
1319 2896 1389 2940 mor

331 3004 473 3057 tancrado
484 3001 647 3073 rugientium
666 3019 806 3071 curarum
827 3005 1013 3059 inundationea
1032 3012 1201 3075 contempero
1218 3004 1388 3060 influentium

331 3125 552 3195 occupationum,
572 3122 688 3176 aramma
699 3126 815 3196 reprimo
827 3127 992 3181 internarum
1009 3135 1036 3178 et
1053 3132 1222 3179 veternarum
1237 3125 1389 3181 mimicitia-

330 3251 400 3297 irim.
436 3242 530 3295 Placet
541 3259 633 3295 aenam
644 3243 822 3314 proitmclitaa,
836 3247 966 3299 dictorum
984 3245 1086 3307 veritas,
1106 3260 1210 3295 morum
1224 3244 1389 3310 informatio,

333 3378 452 3415 errorum
469 3359 648 3431 redarguutio‚
666 3366 813 3435 amputatio
827 3363 982 3425 vanitatum,
1002 3360 1187 3413 condemnatio
1203 3361 1387 3419 ambitionum.

332 3480 396 3533 Plus
409 3479 535 3532 medullae
548 3481 650 3547 farinae,
663 3484 752 3536 minua
764 3477 868 3535 corticis
881 3486 908 3531 et
919 3478 1028 3531 furiuria
1040 3478 1150 3531 habent.
1187 3481 1276 3533 Facile
1295 3494 1329 3535 ex
1345 3483 1388 3540 hia

330 3596 470 3670 perpendi
479 3607 572 3669 potest,
587 3601 652 3671 quid
662 3600 691 3652 in
704 3617 732 3651 ae
743 3598 778 3649 de
790 3611 818 3648 ae
829 3595 919 3649 anima
936 3595 1060 3665 religiosa
1078 3598 1189 3663 aentiat;
1221 3598 1286 3667 quid
1307 3613 1388 3669 appia

334 3725 365 3772 'ae
379 3718 411 3773 de
424 3729 541 3773 creatora
554 3738 601 3773 auo
614 3720 797 3784 obstupescam
819 3714 884 3783 quid
896 3716 966 3769 inira
977 3734 1005 3768 aa
1016 3716 1051 3769 cle
1069 3718 1280 3787 peregrinatione
1295 3718 1388 3773 mundi

331 3837 515 3895 attentatione
528 3822 614 3891 carnia
624 3834 804 3903 pertimescat.
850 3833 934 3886 Plane
947 3834 981 3887 ad
994 3836 1119 3903 seipsam
1136 3853 1265 3891 conversa
1284 3845 1388 3891 contur-

330 3957 417 4023 batur,
432 3958 466 4009 ad
477 3940 605 4008 factorem
617 3960 694 4002 auum
706 3963 834 4021 suspensa
846 3950 979 4015 dilatatur,
994 3951 1029 4005 ad
1041 3968 1136 4022 corpus
1154 3970 1259 4009 reversa
1278 3955 1388 4008 confun-

333 4070 413 4128 ditur.
449 4071 521 4131 Quiri
539 4069 610 4121 enim
630 4084 725 4137 corpua
742 4068 796 4120 nisi
815 4069 997 4133 terra‘inania,
1017 4070 1082 4140 quid
1098 4072 1189 4124 anima
1207 4072 1260 4125 nisi
1277 4073 1388 4143 abyssus

331 4173 550 4266 impenetrabilis,
565 4187 627 4258 quid
642 4187 715 4241 Deus
728 4188 780 4241 nisi
799 4189 846 4243 lux
864 4189 1158 4261 incomprehenaibiliai
1175 4191 1261 4263 igitur
1278 4200 1307 4248 ut
1327 4204 1388 4251 cuti>
