3100 5192
319 571 369 620 iss
726 571 761 623 G.
778 571 906 623 Arsacis.

317 727 433 795 partium
446 726 480 779 ad
492 727 534 779 sui
546 726 715 781 efficientiam
729 745 783 781 non
797 727 920 780 admittit.
934 726 1012 785 Quod
1027 725 1097 777 enim
1113 740 1147 777 ex
1164 723 1277 778 diversis
1287 718 1371 795 parti·

315 845 365 897 bus
377 847 551 915 compositum
564 855 612 911 est,
632 847 787 900 naturaliter
806 846 917 900 solubile
932 854 980 900 est.
1014 846 1102 899 Omne
1113 852 1201 897 autem
1222 844 1335 915 simplex
1344 851 1370 897 et

314 964 518 1035 incompositum
527 982 611 1018 unum
621 974 661 1019 est
669 974 696 1019 et
703 974 776 1019 caret
783 965 901 1035 partibus
910 964 1085 1019 resolutionis.
1101 965 1280 1032 Quaecunque
1291 962 1373 1032 igitur

315 1083 528 1137 substantiatum
539 1085 654 1155 simplex
669 1092 709 1138 est
721 1094 817 1149 etune,
829 1101 935 1155 prorsus
952 1100 1006 1137 non
1024 1083 1192 1147 admiscetur,
1207 1099 1295 1151 neque
1313 1098 1373 1135 cum

315 1205 368 1258 alia
384 1206 500 1276 simplici
518 1216 545 1261 et
555 1208 720 1277 incorporea,
738 1225 827 1277 neque
844 1225 906 1260 cum
921 1206 1064 1276 multiplici
1084 1214 1111 1260 et
1131 1223 1265 1276 corporea.
1301 1206 1372 1259 Nam

311 1325 464 1395 ubicunque
485 1334 512 1379 et
526 1326 736 1396 quotiescunque
749 1326 904 1379 substantia
917 1325 1110 1391 immiscentur,
1124 1342 1230 1379 necesse
1253 1332 1333 1378 estut
1346 1342 1374 1377 se

315 1444 430 1497 invicem
449 1453 612 1498 commutent
624 1453 651 1498 et
667 1446 866 1499 transforment.

350 1564 451 1617 Rerum
472 1564 543 1616 enim
566 1565 746 1634 quammlibet
766 1564 928 1635 conjunctio,
943 1564 995 1616 nisi
1017 1564 1046 1615 in
1065 1580 1121 1615 sese
1141 1560 1372 1629 transfundantur,

316 1691 344 1736 et
356 1700 372 1734 a
384 1684 491 1754 propria
508 1684 593 1736 forma
608 1684 837 1750 transformentur,
854 1684 987 1754 copulatio
1006 1693 1032 1738 et
1049 1683 1194 1755 adjunctio,
1210 1684 1252 1738 vel
1270 1684 1373 1754 aliquid
1401 1672 1403 1675 Α

314 1800 476 1872 hujusmodi,
490 1819 545 1854 non
559 1811 649 1856 autem
661 1802 792 1856 admixtio
805 1803 846 1856 vel
860 1802 1013 1856 commixtio
1031 1804 1136 1874 proprie
1152 1802 1256 1855 dicitur.
1293 1803 1372 1857 Unde

312 1930 339 1974 et
351 1922 462 1975 verbum
476 1921 662 1992 assumptione
680 1922 768 1975 carnis
780 1931 807 1975 et
826 1921 988 1994 indisjuncta
1006 1922 1106 1974 unione
1128 1940 1189 1975 caro
1206 1922 1316 1987 iactum,
1330 1940 1365 1975 ne

316 2044 524 2096 substantiarum
534 2044 686 2108 transfusio,
695 2043 797 2097 sedicet
806 2044 892 2097 carnis
903 2044 932 2097 in
946 2044 1119 2098 Divinitatem
1141 2044 1306 2109 adnihilatio,
1322 2044 1366 2097 vel

314 2162 459 2215 divinitatis
468 2162 496 2213 in
504 2179 611 2215 carnem
625 2162 805 2215 substantialis
816 2161 970 2227 exinanitio,
986 2162 1020 2214 ab
1034 2161 1167 2215 haereticis
1178 2161 1370 2232 persuaderen-

316 2290 367 2345 tur,
381 2298 436 2333 non
451 2281 669 2333 commixtionem
681 2298 788 2351 passum
804 2280 909 2345 dicitur,
927 2289 955 2334 et
968 2299 1003 2333 ne
1022 2298 1128 2335 rursum
1143 2279 1211 2334 alius
1228 2280 1287 2345 Dei,
1301 2281 1369 2333 alius

313 2400 429 2455 hominis
443 2399 601 2464 crederetur,
615 2406 643 2451 et
653 2416 708 2451 uns
721 2397 748 2451 in
761 2398 828 2451 duas
839 2415 966 2468 personas
979 2399 1149 2463 divideretur,
1162 2399 1235 2452 illico
1248 2400 1371 2469 seqnitur

314 2538 403 2590 neque
415 2519 582 2573 divisionem.
620 2519 648 2571 si
659 2537 729 2573 nova
741 2528 768 2573 et
779 2520 839 2573 ideo
853 2537 928 2588 cassa
940 2538 982 2573 me
995 2520 1098 2589 tingere
1108 2521 1252 2586 arbitraris,
1266 2529 1293 2573 et
1306 2538 1370 2574 sera

315 2647 342 2693 et
354 2647 454 2703 vetera,
467 2637 564 2701 stab'm,
578 2637 600 2690 si
617 2638 715 2708 placet,
736 2638 884 2709 subjunctis
901 2639 1049 2692 rationibus
1068 2640 1261 2710 comprobabis.
1298 2641 1369 2704 Non,

314 2757 403 2826 inquit
424 2756 560 2820 Boethius,
573 2774 665 2808 omnes
684 2757 712 2808 in
734 2774 842 2809 omnem
860 2774 917 2811 rem
936 2757 1003 2810 verti
1026 2774 1056 2809 sc
1079 2758 1251 2811 transmutari
1270 2766 1365 2828 potest.

314 2875 386 2928 Nam
399 2891 482 2960 quum
495 2873 701 2926 substantiarum
714 2874 774 2927 aliae
788 2874 843 2929 sint
859 2893 1001 2945 corporeae,
1016 2876 1077 2929 alise
1095 2878 1267 2947 incorporea,
1280 2894 1367 2949 neque

316 3012 441 3065 corporea
450 2994 478 3045 in
490 2995 672 3065 incorpoream
684 2993 713 3047 in
732 3012 792 3046 eam
814 3011 874 3064 quse
887 3011 982 3064 corpus
998 3003 1040 3047 est
1054 2995 1152 3048 mutari
1163 3003 1259 3066 potest.
1300 2996 1370 3051 Haec

316 3132 379 3167 vero
400 3113 556 3183 incorporea
573 3113 602 3165 in
622 3131 650 3166 se
669 3113 784 3167 invicem
802 3113 922 3183 proprias
941 3114 1040 3167 formas
1060 3122 1173 3168 mutant.
1211 3116 1273 3169 Sola
1294 3118 1367 3169 euim

313 3234 410 3287 mutari
422 3233 656 3303 transformarique
667 3235 696 3286 in
707 3252 736 3286 se
747 3242 860 3304 possunt
877 3252 937 3305 quaa
955 3228 1056 3289 habent
1068 3236 1147 3289 unius
1162 3237 1281 3291 materiae
1296 3256 1368 3292 com·

315 3379 397 3415 mune
409 3360 566 3431 subjectum.
603 3360 699 3429 Neque
714 3361 774 3413 haec
790 3362 887 3425 omnia,
908 3362 955 3415 sed
974 3380 1006 3415 es
1024 3381 1085 3433 quse
1104 3364 1132 3417 in
1145 3382 1173 3418 se
1192 3373 1219 3418 et
1235 3366 1365 3419 facesset

314 3479 371 3551 pati
382 3487 501 3549 possunt
547 3478 633 3549 quue
650 3479 777 3549 probatur
794 3479 845 3532 hoc
863 3479 951 3533 modo.
988 3482 1085 3551 Neque
1103 3483 1174 3536 enim
1191 3492 1278 3554 potest
1290 3486 1369 3538 resin

314 3597 431 3670 lapidem
443 3597 548 3663 mutari,
564 3614 614 3649 nec
631 3598 734 3651 ratione
748 3599 823 3651 aesin
832 3598 951 3664 herbam,
967 3616 1017 3653 nec
1030 3601 1166 3670 quodlibet
1182 3602 1255 3655 eliud
1272 3620 1368 3675 corpus

315 3714 342 3766 in
353 3713 493 3784 quodlibet
500 3713 573 3766 aliud
581 3713 763 3783 transfigurari
770 3722 865 3784 potest,
879 3716 932 3768 nisi
944 3725 970 3769 et
978 3717 1071 3770 eadem
1079 3719 1114 3772 sit
1127 3721 1265 3773 materiam
1278 3740 1367 3775 rerum

314 3835 343 3887 in
356 3850 413 3886 sese
424 3830 626 3895 transeuntium,
641 3840 668 3884 st
686 3848 703 3883 a
714 3849 742 3884 se
761 3832 848 3887 iacere
867 3842 893 3887 et
910 3835 965 3905 pati
983 3837 1073 3904 possit,
1088 3846 1119 3889 ut
1136 3855 1219 3908 quum
1231 3839 1322 3893 vinum
1340 3848 1368 3894 at

315 3969 385 4023 aqua
397 3951 548 4004 miscentur.
585 3950 706 4020 Utraque
717 3952 788 4004 enim
803 3961 865 4005 sunt
873 3954 937 4006 talia
947 3972 1007 4023 quae
1017 3964 1105 4009 actum
1120 3958 1169 4010 sibi
1180 3966 1206 4011 et
1217 3959 1369 4029 passionem

316 4070 519 4125 communicent.
565 4069 654 4121 Potest
675 4070 747 4122 enim
768 4089 845 4141 aquae
867 4073 981 4142 qualitas
1002 4092 1018 4126 a
1040 4075 1095 4128 vini
1118 4076 1246 4145 qualitate
1267 4078 1368 4149 aliquid

317 4191 382 4260 pati,
395 4198 474 4259 atque
486 4188 585 4241 idcirco
598 4189 619 4241 si
632 4189 744 4242 multum
758 4189 865 4259 quidem
878 4191 958 4245 fuerit
972 4210 1058 4263 aquae,
1071 4194 1127 4248 vini
1147 4212 1210 4249 vero
1221 4197 1369 4276 paululum,
