3100 5192
496 554 651 622 Druvrrrrs
686 556 838 609 Errsronn.
1167 551 1216 602 135

162 714 239 766 coelis
251 723 299 767 est
336 711 398 765 Hoc
412 712 550 781 legislator
570 713 598 764 iu
621 712 708 781 figura
723 709 835 773 monuit,
856 708 921 760 Non
943 705 1046 759 auferes
1068 702 1220 775 (iuquiens)

165 832 205 895 sal
217 832 326 885 foederis
337 832 376 884 tui
389 832 416 883 in
428 831 502 883 omni
515 829 650 883 sacrificio.
689 828 760 881 Satis
774 826 875 879 dictum
890 834 930 877 cst
943 822 1066 893 sapienti.

199 951 318 1003 Priorem
338 950 414 1002 illum
438 950 529 1003 Sancti
554 948 655 1018 sigulfi
677 964 783 1010 excuso,
803 945 867 1015 quia
889 942 960 1013 quod
979 943 1065 995 faeere
1084 939 1171 1012 potuit
1191 947 1218 994 et

168 1071 261 1124 debuit
275 1070 347 1123 iacit.
364 1071 393 1123 Si
406 1069 479 1122 aliud
491 1070 533 1123 vel
547 1069 624 1121 aliter
641 1068 755 1131 fecisset,
773 1066 844 1119 offen
860 1082 905 1119 aur
926 1070 1045 1116 nostram
1067 1062 1221 1115 incurreret.¹

169 1190 274 1243 Valete.

200 1308 321 1361 Proderit
344 1317 434 1361 tamen
458 1306 581 1377 peccanti
600 1304 768 1376 praecedente
788 1302 947 1375 poenitentia
972 1300 1056 1354 oratio
1080 1307 1167 1353 vestra
1190 1307 1218 1353 et

170 1429 254 1481 sancti
266 1436 412 1480 conventus
425 1426 514 1479 vestri.

175 1907 219 1956 63.
238 1902 432 1956 MAGISTRO
446 1902 629 1956 NICOLAO:
642 1932 678 1941 -
688 1899 935 1953 OPPOSITORIA
955 1899 1039 1952 slva
1058 1897 1229 1951 DISPUTA-

643 2020 769 2072 TORIA.

209 2156 266 2207 Suo
291 2154 440 2207 suus—Ut
461 2152 643 2223 perniciosum
664 2152 771 2222 optimis
791 2151 874 2205 telum
895 2150 1024 2203 invidiam
1053 2156 1142 2203 vestra
1170 2167 1231 2221 pro-

177 2276 271 2328 scribit
283 2274 404 2345 epiatola
420 2272 781 2325 eommunisexoratcaritss.
801 2271 869 2323 Satis
879 2287 996 2339 namque
1005 2285 1137 2339 superque
1153 2269 1226 2339 quod

178 2395 315 2464 scripsisti,
330 2394 415 2457 dulce,
438 2393 512 2457 utile,
534 2400 561 2445 et
582 2392 724 2445 honestum
739 2391 799 2443 fuit.
818 2390 891 2448 Quid
910 2390 981 2441 enim
994 2388 1098 2441 dulcius
1120 2390 1233 2441 amorel

182 2512 253 2571 Quid
265 2512 357 2565 utilius
369 2512 527 2563 Divinarum
541 2518 568 2562 et
585 2510 763 2561 humanarum
776 2526 864 2567 rerum
887 2508 977 2561 subtili
997 2515 1024 2560 et
1045 2507 1235 2577 compendiosa

178 2630 376 2700 descriptione?
388 2628 460 2688 Quid
470 2628 605 2683 honestius
613 2646 716 2681 morum
728 2628 827 2679 salubri
834 2627 1042 2680 informatione?
1056 2627 1105 2679 His
1115 2635 1234 2679 nostrum

179 2758 287 2818 torpens
299 2748 436 2817 ingenium
448 2747 570 2800 excitasti
582 2767 589 2811 3
611 2764 720 2799 causam
741 2764 796 2799 non
812 2746 940 2799 causandi
954 2745 987 2798 de
1000 2745 1163 2799 secularibus
1175 2763 1236 2816 par·

179 2884 273 2936 umper
286 2866 432 2936 praebuisti,
446 2884 477 2919 ac
500 2867 591 2920 otiosae
606 2866 793 2919 sollicitudinis
805 2867 865 2919 cela
877 2866 1012 2919 relaxasti.
1050 2865 1094 2918 Sic
1113 2865 1235 2935 irrigant,

179 2985 320 3049 inebriant,
335 2994 361 3039 et
382 2985 558 3055 tranquillant
580 2985 680 3055 scripta
698 2994 789 3038 vestra
812 2985 968 3038 dulcissima
992 2985 1108 3037 animam
1131 3002 1228 3038 meam.

181 3105 324 3159 sterilitate
336 3104 459 3176 denique,
475 3105 604 3170 ubertate,
617 3104 830 3170 tumultuositati,
844 3106 929 3158 libera
939 3105 1105 3175 pausatione,
1120 3122 1235 3174 occupa-

181 3225 285 3279 tionum
296 3224 446 3277 insolentiae
458 3225 619 3277 renuncians
630 3224 665 3277 ad
681 3224 824 3277 remotiora
841 3225 989 3278 secessione
1001 3224 1106 3278 Nicolai
1124 3241 1152 3276 m
1181 3224 1233 3277 hoe

183 3346 228 3415 agi
239 3352 372 3399 contestor
384 3344 584 3415 seriptitatione.
623 3343 770 3398 Deficiente
790 3362 852 3414 ergo
864 3344 966 3415 spiritu,
981 3362 1062 3398 manu
1074 3344 1234 3415 trepidante,

183 3471 351 3533 repugnante
362 3464 479 3533 ingenio,
492 3464 634 3532 grandiora
645 3481 787 3533 praesumo,
801 3471 936 3534 praecepto
951 3464 1068 3532 fortiora,
1088 3465 1134 3518 vix
1154 3464 1240 3535 expli·

186 3578 282 3631 cubilia
295 3578 400 3648 arripio.
438 3577 588 3647 Utrumque
602 3579 673 3631 enim
692 3579 785 3648 spiritu
798 3579 956 3643 vehementi,
973 3598 1006 3633 ex
1020 3590 1135 3649 quatuor
1157 3584 1243 3636 ventis

188 3695 354 3765 conglobato,
366 3694 442 3767 cujus
455 3696 511 3765 spei
523 3696 617 3747 robore
630 3695 704 3748 floris
714 3697 925 3751 teneritudonon
934 3708 1083 3763 evanescat,
1093 3700 1243 3771 pulcritudo

188 3831 243 3867 non
256 3813 371 3879 deficiat,
384 3814 458 3867 viror
469 3830 524 3865 non
542 3822 714 3868 emarcescat.
752 3815 870 3867 infidum
892 3823 932 3868 est
944 3815 1011 3869 irato
1032 3818 1140 3871 obviare
1160 3819 1240 3874 leoni.

189 3934 307 3986 Stultum
333 3940 374 3985 est
397 3932 572 3986 nibilominus
596 3932 720 3987 emissam
737 3950 791 3986 non
813 3934 945 3987 declinare
972 3937 1103 4007 sagittam.
1142 3939 1242 3991 Omnis

191 4059 327 4106 armatura
338 4050 447 4103 fortium
459 4051 511 4103 tuis
525 4050 622 4103 militat
634 4051 741 4103 castris:
760 4051 850 4123 itaque
861 4052 964 4121 ingredi
972 4053 1060 4107 timeo.
1073 4055 1144 4108 Nam
1157 4073 1240 4125 quum

190 4170 375 4243 proprietatis
388 4178 522 4225 manatura
534 4170 697 4241 triumphare
709 4189 807 4240 posses,
820 4188 985 4242 quorumque
1003 4173 1082 4226 ctiam
1095 4174 1250 4243 potentissi-

705 4246 746 4305 22
