3100 5192
505 569 661 623 llsnrsnsrs
680 571 831 623 Errsrosnn
1010 574 1075 621 i.»
1153 575 1201 623 133

160 733 323 795 restituatur,
360 745 441 800 quam
468 727 607 780 eeclesiam
633 733 751 779 nostram
780 725 924 795 aliquando
950 725 1074 779 habuisse
1098 724 1210 796 probare

157 853 310 921 poterimus.

190 1466 232 1515 61.
253 1462 404 1515 DOMINO
423 1461 527 1513 PAPAE
545 1460 618 1513 PRO
636 1460 839 1512 WILLELMO
859 1460 962 1513 FILIO
980 1460 1010 1513 T.
1030 1461 1190 1515 COMITIS.

455 1581 547 1632 Erosrr
566 1598 634 1632 roan
653 1597 783 1634 ourceuro
802 1598 907 1633 rorrsr.

190 1703 243 1762 Qui
250 1712 366 1756 nostram
379 1701 554 1753 humilitatem
562 1700 673 1772 alicujus
681 1700 807 1753 momenti
817 1702 887 1771 apud
897 1702 1084 1755 sublimitatem
1095 1712 1210 1757 vestram

156 1831 290 1893 reputant,
305 1822 407 1873 utinam
419 1820 475 1890 spei
495 1812 677 1872 suae‘fruetum
688 1820 727 1872 'in
743 1820 841 1873 effectu
859 1838 967 1891 precum
990 1839 1096 1874 suarum
1116 1823 1208 1877 inveni

161 1950 216 1993 ant.
255 1940 327 1993 Hinc
349 1941 421 1993 enim
446 1949 473 1992 et
496 1948 581 1993 vestra
603 1940 744 2009 benignior
767 1942 904 2010 apparebit
925 1941 1052 2010 dignatio,
1074 1950 1101 1995 et
1119 1952 1209 1997 nostra

159 2060 351 2113 confortabitur
362 2059 395 2111 de
408 2059 482 2111 vobis
491 2058 622 2127 gloriatio,
640 2067 666 2111 et
686 2059 830 2111 amicorum
845 2078 893 2130 pro
906 2061 1051 2129 impetratis
1072 2063 1210 2131 gratiosior

160 2180 210 2232 erit
218 2179 355 2231 exultatio.
375 2179 461 2230 Amici
471 2179 561 2243 nostri,
570 2179 651 2231 immo
664 2178 781 2231 veritatis
801 2180 1000 2243 ethonestatis,
1024 2190 1086 2235 sunt
1111 2183 1162 2247 isti,
1177 2183 1210 2235 u.

157 2300 239 2365 areb,
253 2309 280 2353 et
289 2300 407 2370 magistri
415 2299 461 2363 Η.,
475 2301 520 2371 qui
531 2316 580 2368 pro
592 2299 967 2372 praepositurusuessionensis
980 2301 1097 2354 eeclesiae
1106 2302 1214 2357 domino

162 2420 332 2473 concedenda
343 2422 469 2491 pietatem
482 2430 508 2475 et
519 2421 712 2491 providentiam
725 2430 841 2473 vestram
850 2420 956 2473 adeunt.
984 2422 1134 2475 Wilielmus
1150 2441 1213 2475 vero

160 2538 210 2590 iste
223 2556 304 2608 quam
317 2539 350 2591 de
363 2556 462 2608 magno
473 2556 578 2608 genere,
593 2539 674 2591 immo
687 2556 766 2608 quam
791 2539 906 2591 debono
920 2539 961 2604 sit,
982 2540 1024 2593 vel
1046 2542 1120 2611 eujus
1139 2541 1210 2593 filius

163 2658 251 2723 fuerit,
276 2660 460 2728 exprimerem,
481 2657 532 2709 nisi
555 2656 666 2709 virtutes
686 2666 713 2710 et
734 2659 892 2727 probitatem
912 2659 994 2729 patris
1015 2659 1071 2730 ejus
1090 2660 1117 2711 iu
1141 2661 1213 2713 omni

915 2748 930 2771 ⁸

164 2796 263 2847 genere
283 2780 411 2833 virtutum
425 2778 512 2831 adhue
532 2779 560 2831 in
580 2777 653 2831 curia
674 2779 796 2830 Romana
818 2778 920 2848 spirare
940 2798 1094 2851 sperassem.
1131 2780 1209 2835 Certe

162 2901 233 2970 quod
245 2900 384 2969 optabilius
397 2908 443 2963 est,
457 2916 507 2951 nec
519 2899 683 2952 ramusculus
692 2894 747 2969 ipse
755 2899 873 2951 aradieis
891 2899 1053 2969 pinguedine
1063 2901 1214 2971 degenerat.

161 3018 252 3072 Talem
278 3020 368 3089 itaque
381 3020 507 3073 suscitare
527 3020 554 3072 iu
568 3018 679 3072 ecclesia
700 3016 751 3069 Dei
771 3035 853 3087 quum
872 3018 980 3070 omnino
1001 3020 1132 3090 expediat,
1153 3024 1215 3091 quia

165 3140 243 3192 multi
256 3141 398 3209 insurgunt
409 3140 535 3192 adversus
548 3158 607 3192 eam
619 3139 744 3202 dieentes,
759 3139 822 3191 Non
837 3146 876 3190 est
888 3139 957 3191 salus
970 3138 1020 3209 ipsi
1033 3140 1060 3192 in
1081 3140 1138 3193 Deo
1152 3143 1216 3213 ejus,

164 3276 217 3311 nou
236 3268 344 3329 respuat
362 3258 502 3312 clementia
520 3259 571 3311 Dei
589 3267 615 3312 et
632 3258 704 3311 beati
721 3258 793 3311 Petri
811 3267 837 3311 et
855 3267 949 3324 vestra,
971 3259 1033 3329 quia
1050 3260 1130 3313 faciet
1146 3262 1217 3315 fruc·

164 3386 221 3431 tum
237 3378 314 3450 juxta
331 3397 416 3448 genus
433 3396 517 3443 suum,
543 3377 615 3447 quod
643 3377 715 3430 omni
733 3377 859 3447 obsequio
884 3387 910 3431 et
936 3379 1085 3433 obedientie
1113 3398 1217 3452 semper

166 3498 359 3563 obtemperevit
386 3498 527 3565 praeceptis
554 3498 633 3548 euriae
666 3497 797 3548 Romanae
817 3506 843 3548 et
873 3514 1034 3551 summorum
1053 3500 1217 3569 pontificum.

170 3612 261 3664 Habet
288 3622 377 3663 eutem
397 3619 423 3661 et
441 3611 493 3663 duo
510 3613 619 3663 brachia
637 3612 766 3681 prmeloru
785 3622 811 3665 et
840 3614 988 3681 fortissimo,
1009 3618 1104 3687 quibus
1122 3620 1225 3688 poterit·

169 3731 287 3784 relevere
307 3730 488 3782 incurvantem
509 3739 535 3782 et
553 3730 685 3782 debellare
698 3731 884 3797 refrenantem,
913 3735 1060 3806 quibusque
1079 3739 1219 3792 umbracu-

166 3852 221 3905 lam
250 3852 300 3905 Dei
331 3857 453 3922 protegat
481 3869 496 3903 a
522 3851 626 3903 turbine
646 3858 673 3902 et
691 3868 708 3901 a
733 3851 833 3920 pluvia.
870 3854 963 3905 Comes
998 3856 1034 3908 H.
1071 3864 1097 3909 et
1130 3854 1218 3911 coines

167 3972 220 4040 T,
244 3973 272 4026 hi
309 3973 403 4027 fratres
441 3970 497 4042 ejus
515 3980 576 4023 sunt
595 3981 622 4023 et
640 3977 717 4022 amnt
738 3970 762 4022 ei
780 3971 808 4021 in
828 3972 899 4022 omni
918 3973 1026 4026 consilio
1055 3985 1081 4027 et
1111 3978 1219 4031 auxilio.

170 4093 272 4146 Velete.

206 4211 336 4279 Magister
367 4210 413 4273 Η.,
441 4209 481 4260 vir
506 4208 577 4278 apud
601 4225 649 4260 nos
673 4208 792 4276 probatae
818 4208 972 4271 honestatis,
1009 4208 1163 4277 magistmm
1193 4211 1226 4263 st
