3100 5192
537 478 685 517 ossrcusrs
703 476 850 515 missoris.
1181 457 1213 508 91

169 616 248 684 sistis,
263 616 360 689 quibus
371 615 504 673 sceleratis
517 617 659 673 commissa
669 617 788 672 facinora
802 614 954 670 remisistis?
975 612 999 668 Ο
1017 620 1116 686 quanto
1133 612 1219 683 impu-

168 714 260 777 riores,
274 720 428 785 qusntoque
438 712 595 785 indignioris
606 713 668 767 vitae
679 712 799 784 pluribus
812 720 838 766 ct
854 711 944 766 locum
961 707 1149 763 misericordiae
1168 708 1219 760 im·

171 832 297 903 petrestis
314 841 341 887 et
357 834 472 903 gratiam
489 832 648 888 immeritam
666 832 844 905 prorogastis?
871 830 924 884 Ubi
942 827 1146 885 fornicationes?
1163 825 1216 878 vvel

170 951 220 1006 ubi
231 951 389 1007 inordinatae
402 953 622 1008 commestiones?
638 952 685 1006 ubi
697 952 881 1024 ignominiosae
891 948 1070 1024 operationes!
1089 948 1136 1001 ubi
1144 946 1222 1000 inno-

174 1070 311 1126 minsndae
323 1072 508 1127 confusiones?
534 1073 623 1144 Opera
634 1072 709 1137 lucis,
723 1090 777 1127 non
790 1071 959 1126 tenebrarum
977 1086 1064 1141 opera,
1082 1066 1124 1121 vel
1142 1083 1222 1138 opera

175 1188 230 1243 diei
251 1206 306 1244 non
328 1189 428 1255 noctis,
447 1209 528 1263 opera
545 1190 717 1263 praedicenda
734 1208 788 1244 non
806 1188 1015 1262 praejudicanda.
1052 1188 1077 1240 0
1094 1186 1176 1240 livor!
1197 1185 1222 1237 0

176 1308 291 1364 invidia!
311 1327 364 1382 quo
376 1328 443 1365 ausu
453 1310 571 1383 ingressa
581 1330 608 1365 cs
619 1312 799 1366 sanctuarium
813 1310 872 1376 Dei,
892 1308 978 1363 cubile
997 1308 1136 1371 altissimi,
1153 1306 1225 1361 thro-

173 1445 240 1483 num
257 1429 327 1501 regis
342 1429 442 1484 eterni?
471 1432 532 1491 Qua
542 1430 681 1503 tyrannica
692 1430 899 1502 praesumptione
912 1438 1063 1483 sanctorum
1076 1429 1225 1499 precordia
1258 1414 1260 1420 ’

176 1547 288 1619 rupisti?
313 1548 382 1603 Ecce
404 1547 524 1620 pondere
541 1556 588 1602 tuo
605 1550 735 1621 gemitum
753 1556 780 1602 et
798 1548 941 1603 clamorem
959 1548 1078 1601 validum
1096 1548 1130 1601 de
1142 1522 1228 1603 ¹corde

175 1666 322 1722 amicorum
334 1685 454 1722 meorum
467 1667 631 1739 expressisti.
669 1667 748 1721 Unde
764 1684 880 1739 namque
896 1666 965 1721 ustio
978 1667 1024 1720 illa
1041 1666 1137 1732 cordis,
1156 1665 1228 1721 undo

179 1785 311 1855 angustiae
328 1784 433 1851 mentis,
452 1784 505 1838 nisi
522 1793 549 1839 te
572 1784 758 1849 succendente,
771 1785 823 1838 nisi
843 1793 870 1839 te
888 1784 1102 1857 constringente?
1121 1784 1230 1840 Prorsus

178 1920 263 1975 usque
275 1902 311 1957 sd
321 1903 528 1958 internecionem
541 1904 631 1957 omnia
642 1903 783 1969 comburis,
797 1911 824 1958 et
836 1920 870 1957 ex
882 1904 933 1958 hoc
941 1913 1084 1977 paupertas
1094 1912 1120 1960 ct
1129 1922 1227 1977 engers-

179 2022 218 2076 tis
229 2021 325 2077 cordis.
360 2022 434 2087 Non,
447 2022 550 2087 iratres,
562 2040 618 2076 non
631 2022 772 2077 adversum
790 2041 833 2075 me
849 2024 889 2076 ira
907 2024 963 2077 sive
982 2025 1123 2079 commotio
1141 2033 1231 2079 vestra

180 2142 345 2197 exardescat.
380 2140 560 2213 Nequaquam
583 2150 672 2196 tacere
695 2143 771 2197 vobis
795 2140 873 2197 debui
899 2142 1079 2214 insipientiam
1105 2153 1231 2201 vestram.

183 2261 353 2336 Aequiescits
364 2268 455 2315 tamen
467 2259 584 2317 consiliis
600 2261 675 2326 meis,
692 2271 719 2316 et
736 2262 808 2333 quod
825 2263 975 2319 inconsulte
993 2262 1094 2317 sectum
1113 2272 1153 2319 est
1164 2282 1232 2318 con-

181 2380 252 2435 sulto
268 2380 400 2452 corrigere
417 2397 452 2434 ne
470 2379 609 2433 differatis.
645 2380 735 2440 Quam
752 2380 830 2435 citius
855 2398 918 2452 ergo
941 2382 1069 2453 poteritis,
1095 2382 1130 2435 ad
1152 2382 1233 2453 pedes

181 2499 284 2556 domini
294 2498 398 2555 obbatis
414 2498 493 2553 simui
511 2498 703 2571 procumbatis,
722 2499 912 2554 satisfacientes
929 2519 976 2572 pro
995 2510 1083 2556 erratu
1099 2519 1152 2557 non
1168 2502 1231 2567 levi,

181 2636 269 2691 neque
279 2617 393 2689 uirgatis
404 2617 456 2671 nisi
466 2615 679 2672 benedictionem
690 2618 724 2671 ab
736 2636 782 2672 ore
793 2626 905 2690 patemo
916 2619 1121 2691 reportaveritis.
1164 2619 1235 2674 Mihi

182 2752 298 2808 qnoque,
311 2736 375 2791 siin
386 2736 476 2807 aliquo
488 2735 656 2801 excesserim,
669 2735 777 2790 obsecro
788 2733 957 2807 indulgentis.
994 2735 1085 2808 Diligo
1095 2737 1166 2793 enim
1175 2756 1233 2805 vos,

184 2854 328 2909 Deusscit.
365 2853 475 2908 Vslete?

219 3317 263 3368 41.
283 3310 491 3367 FRATRIBUS
506 3307 796 3365 CAZlACENSIBUS
815 3306 888 3363 PRO
906 3307 1051 3363 ABBATE
1072 3306 1233 3364 SENEET

448 3454 718 3510 UNANIMITATE
736 3453 964 3509 ELECTIONIS.

218 3583 384 3649 Fnsrsssus,
404 3599 487 3637 ιιιιιι
506 3599 539 3637 ss
557 3598 651 3637 snscrs
669 3598 728 3636 suis
746 3598 901 3659 assissinis
920 3582 1139 3636 anrscsnsrsos
1172 3599 1237 3635 rnn-

185 3720 240 3759 snn
258 3703 293 3757 G.
312 3702 428 3757 Cnsssrr
450 3718 583 3755 sscsnoos
601 3716 735 3755 ssnnrsss.

222 3823 286 3879 Nou
296 3823 391 3878 levites
403 3828 450 3879 sut
460 3821 527 3877 levis
538 3821 682 3879 necessitas
693 3829 724 3875 ut
741 3820 837 3891 loquar
852 3818 954 3883 suadet,
972 3820 1054 3892 patris
1070 3819 1235 3890 languorem,

187 3943 281 3999 metris
291 3942 490 4007 desolationem,
502 3943 668 4015 iretmmque
676 3941 817 3996 attendens
827 3941 1041 3996 commotionem.
1078 3940 1178 3993 Verum
1189 3948 1236 4003 est,

186 4079 280 4119 serum
291 4069 338 4130 est,
352 4061 447 4117 iratres
459 4060 593 4128 carissimi,
607 4059 880 4131 illudevangelicum,
890 4060 1040 4119 Percutiem
1060 4068 1194 4132 pastorem
1211 4066 1238 4111 et
