3100 5192
508 495 665 550 Dnnvrssrs
683 512 828 550 nrrsrcun.
1174 493 1210 547 91

161 660 232 718 Ecce
250 681 298 719 cur
314 681 368 718 non
386 667 568 737 responderim
587 669 707 743 epistolae
723 676 778 723 tuae
796 667 839 721 die
858 665 979 738 sequenti
994 671 1136 736 postquam
1152 680 1213 716 earn

160 782 261 854 accepi.
297 783 400 855 Accepi
410 800 527 855 namque
539 803 607 851 eam,
620 804 702 859 quum
715 785 749 839 de
757 784 836 839 vituli
845 783 960 855 saginati
968 782 1038 855 pelle
1049 780 1215 835 detrahenda

162 907 190 954 et
201 900 235 954 de
247 918 318 971 agno
329 902 445 958 assando
455 904 510 974 iam
522 912 654 975 ageretur,
667 914 694 960 et
707 922 804 960 manus
821 921 853 958 ac
869 902 951 976 pedes
964 902 1079 975 junioris
1096 901 1145 960 filii
1162 901 1214 954 Re·

159 1021 244 1074 becca
260 1021 373 1092 parabat
390 1022 568 1094 supervestire
582 1023 700 1078 vestibus
715 1023 790 1078 Esau
804 1021 883 1077 valde
900 1021 981 1075 bonis
995 1028 1026 1075 ut
1042 1020 1215 1075 sacramentis

161 1140 355 1195 ecclesiasticis.
403 1141 422 1195 J
423 1159 482 1195 esus
495 1143 651 1197 vestimenta
662 1143 770 1198 sordida
781 1160 837 1197 uon
848 1150 956 1215 propter
967 1142 1071 1215 peccati
1081 1139 1209 1195 contami·

159 1258 305 1324 nationem,
318 1257 365 1312 sed
384 1267 491 1331 pmptcr
506 1259 675 1337 mortalitatis
692 1259 875 1315 conditionem
891 1258 1050 1332 deponebat,
1064 1264 1092 1312 et
1109 1273 1213 1311 sacram

163 1395 293 1432 manuum
311 1395 342 1431 ac
360 1377 459 1449 pedum
474 1379 646 1447 ablutionem,
659 1396 717 1434 non
733 1380 835 1434 carnali
853 1378 1017 1451 depositione
1033 1377 1151 1434 sordium
1167 1376 1214 1431 sed

166 1496 339 1551 conscientiae
349 1496 429 1551 honre
441 1496 647 1568 interrogatione
659 1498 687 1552 in
700 1500 789 1553 Deum
801 1498 964 1552 intitulabat.
1001 1498 1018 1551 J
1020 1515 1064 1551 am
1080 1514 1115 1551 ex
1131 1496 1213 1551 odore

160 1617 292 1688 unguenti
313 1616 502 1688 apeccatrice,
522 1616 570 1671 sed
586 1618 742 1689 poenitente,
761 1618 790 1672 in
809 1626 890 1689 caput
907 1615 951 1671 vel
968 1616 1050 1688 pedes
1068 1616 1214 1670 Salvatcris

160 1735 240 1790 effusi
252 1735 413 1807 implebatur
424 1735 535 1791 domus:
551 1736 608 1809 jam
623 1737 774 1792 convivium
786 1737 935 1809 pinguium,
946 1734 1098 1790 convivium
1111 1733 1214 1789 medul-

159 1854 275 1909 latorum
293 1855 491 1926 apponebatur5
511 1854 603 1909 vinum
622 1856 832 1911 meracissimum
848 1855 994 1910 crateribus
1011 1853 1213 1909 infundebatur.

160 1973 186 2025 0
197 1973 267 2027 bone
279 1973 442 2044 amice,quis
451 1980 516 2026 tunc
525 1973 671 2029 scriberetl
699 1973 786 2027 lmmo
795 1972 852 2045 quis
861 1990 915 2027 non
924 1972 1045 2027 biberet?
1062 1972 1210 2038 Concdite,

158 2092 245 2157 amici,
258 2100 285 2145 ct
292 2092 377 2147 bibite
386 2099 413 2145 et
422 2091 598 2158 inebriamini,
609 2091 752 2145 carissimi:
765 2090 971 2145 continuabatur
982 2098 1010 2144 et
1022 2090 1055 2145 de
1066 2090 1213 2145 morticinia

161 2212 277 2284 pellibus
289 2218 437 2265 atramento
448 2209 574 2266 liniendis
586 2212 755 2282 cogitaretur.

197 2333 267 2387 Ecce
275 2349 358 2404 quare
368 2349 422 2385 non
431 2332 521 2386 statim
529 2330 662 2403 respondi,
676 2349 759 2404 quum
770 2330 897 2385 libentius
908 2330 960 2385 illis
971 2330 1116 2403 pulmentis
1127 2330 1215 2385 inten-

161 2453 253 2506 derem
266 2469 346 2523 quam
364 2450 398 2505 de
415 2452 586 2523 responsione
602 2459 691 2504 vestra
707 2450 860 2520 cogitarem.
896 2447 970 2510 Quid
987 2448 1022 2503 de
1040 2448 1157 2502 Sabbata
1177 2447 1217 2502 di-

161 2572 239 2627 camt
263 2569 335 2631 Quid
346 2569 455 2643 iuquam
468 2568 556 2624 dicam
568 2567 620 2621 nisi
631 2565 703 2639 quod
716 2567 861 2621 Sabbatum
874 2567 932 2622 eatl
957 2566 1105 2621 Sabbatum
1121 2582 1216 2620 revera

160 2691 209 2745 sed
219 2690 372 2756 delicatam,
385 2689 433 2744 sed
444 2697 577 2754 sanctum,
591 2688 639 2742 sed
651 2688 805 2760 gloriosum.
840 2689 904 2744 Non
921 2687 985 2743 licet
1001 2688 1084 2759 igitur
1100 2686 1215 2758 digitum

161 2810 312 2876 extendere,
326 2818 354 2864 et
363 2809 438 2881 loqui
450 2808 522 2880 quod
534 2826 589 2863 non
601 2809 717 2881 prodest.
754 2808 859 2863 Deinde
871 2808 914 2864 die
926 2808 1048 2883 sequenti
1059 2815 1215 2879 resurgente

163 2936 262 2983 etcum
273 2927 365 3000 spoliis
376 2928 467 2983 multis
479 2928 597 2981 Domino
607 2927 736 2982 redeunte
747 2928 850 2999 aliquid
866 2927 900 2981 de
917 2928 1010 3000 praeda
1026 2924 1216 2999 pretiosissima

159 3048 268 3101 veniens
287 3047 316 3100 in
333 3064 471 3103 occursum
489 3046 612 3118 deposco.
648 3047 762 3100 Cursum
779 3047 892 3112 intueor,
912 3046 1077 3117 triumphum
1095 3042 1214 3118 encipio²

159 3164 327 3221 renascentia
338 3166 428 3220 secula
438 3174 500 3237 post
511 3155 574 3219 solli
585 3174 673 3220 ortum
685 3174 713 3220 et
724 3182 846 3221 auroram
862 3174 1024 3232 nascentem,
1037 3164 1067 3220 in
1084 3162 1215 3219 thesauris

162 3285 229 3339 meis
241 3284 377 3356 consigno,
391 3294 421 3338 ut
433 3302 494 3355 spes
505 3284 564 3339 haec
574 3284 691 3356 reposita
702 3285 730 3339 in
742 3284 804 3339 sinu
815 3302 875 3338 meo
886 3283 981 3338 doceat
992 3282 1066 3356 quod

366 3403 468 3459 Flebile
479 3404 640 3478 principium
652 3404 747 3461 melior
758 3407 865 3460 fortuna
876 3414 1012 3476 sequatur.

197 3527 231 3579 ln
250 3526 345 3579 diebus
361 3526 404 3580 his
420 3544 500 3580 nemo
518 3527 586 3580 alius
603 3526 709 3597 scripsit
724 3526 779 3579 nisi
797 3533 901 3579 tantum
920 3524 1039 3578 Pilatus:
1068 3524 1215 3594 quinimmo

161 3646 326 3700 destructum
338 3643 460 3714 estquod
472 3644 612 3697 adversum
625 3660 674 3696 nos
686 3652 744 3695 erat
755 3640 970 3711 chirographum.
1007 3640 1070 3694 Post
1081 3639 1141 3694 haec
1153 3657 1217 3692 vero

162 3764 272 3818 tandem
296 3779 379 3834 quum
398 3761 481 3815 exivit
497 3762 577 3814 homo
594 3761 631 3816 ad
649 3778 717 3831 opus
734 3776 821 3824 suum,
840 3766 867 3812 et
885 3758 920 3812 ad
939 3758 1122 3829 operationem
1140 3775 1215 3811 suam

161 3882 300 3954 usquead
318 3898 466 3953 vesperam,
485 3880 629 3950 recogitavi
647 3878 811 3933 somniorum
828 3885 908 3948 atque
925 3895 1076 3931 sermonum
1096 3878 1214 3949 epistolae

163 4011 227 4068 tuae,
248 4010 275 4054 et
298 3998 440 4053 extrahens
458 4016 517 4052 eam
535 3999 569 4053 de
587 3997 732 4052 tenebrosis
750 3997 786 4050 ad
803 3996 891 4049 lucem
909 3996 1072 4068 deprehendi
1085 4015 1139 4050 non
1158 4015 1214 4049 esse

161 4139 257 4175 meam.
294 4120 350 4174 Ubi
361 4119 433 4174 enim
444 4137 505 4174 mea
516 4137 577 4189 qum
590 4119 624 4173 de
641 4136 685 4174 me
700 4117 729 4170 in
746 4117 877 4190 principio
896 4126 987 4172 namet
1002 4135 1081 4189 super
1099 4116 1126 4171 id
1143 4117 1213 4188 quod
