3100 5192
353 576 404 626 14⁰
794 574 827 627 G.
850 590 964 626 casaris

347 737 375 782 et
387 746 436 783 nos
444 730 550 801 justitia
570 732 627 801 ejus
639 730 815 801 appellamur.
852 731 922 784 Vide
936 732 1016 785 etiam
1027 739 1116 786 utrum
1128 726 1201 787 bona
1221 731 1402 787 similitudine

344 859 435 903 utatur
463 850 589 904 Boethius
612 850 647 903 sd
672 850 884 921 exprimendum,
906 868 960 904 non
984 859 1089 905 tantum
1115 852 1262 923 simplicem
1282 852 1398 923 aliquem

343 970 410 1035 fieri,
438 971 487 1024 sed
517 970 598 1024 etiam
618 970 815 1042 simplicitatem
839 988 873 1023 ex
898 970 1062 1023 strictissima
1086 970 1252 1025 connexione
1276 980 1303 1024 et
1332 971 1402 1025 soci-

345 1097 415 1143 etate
448 1089 635 1161 simplicitatis.
684 1090 726 1142 Da
761 1089 929 1159 providentia
957 1090 1077 1160 proiecto
1111 1098 1137 1143 et
1161 1090 1218 1143 fato
1251 1090 1289 1143 sic
1309 1091 1397 1144 dicit:

344 1208 516 1263 Providentia
528 1216 568 1262 est
579 1210 640 1278 ipss
650 1207 698 1261 illa
710 1207 803 1261 divina
825 1208 892 1261 ratio
904 1208 932 1259 in
946 1225 1050 1261 summo
1063 1206 1182 1261 omniurn
1200 1209 1321 1279 principe
1334 1226 1397 1263 con-

344 1328 507 1398 stitutaquae
529 1335 625 1379 cuncta
645 1327 778 1397 disponit;
797 1328 882 1380 fatum
906 1344 976 1392 vero,
997 1328 1131 1381 inhaerens
1150 1328 1229 1380 rebus
1249 1328 1398 1381 mobilibus

342 1447 487 1518 dispositio,
499 1464 547 1517 per
559 1462 640 1517 quarn
651 1446 820 1517 providentia
832 1448 886 1499 suis
901 1464 1014 1517 quaeque
1026 1447 1110 1499 nectit
1122 1446 1276 1499 ordinibus:
1296 1451 1323 1499 et
1336 1456 1398 1517 post

342 1584 437 1637 pauca,
452 1568 625 1621 Manifestum
638 1575 678 1620 est
688 1565 853 1620 immobilem
866 1567 1066 1639 simplicemque
1086 1566 1263 1637 gerendarum
1282 1568 1398 1620 formam

342 1706 431 1743 renum
452 1708 510 1743 esse
521 1689 734 1760 providentiam
754 1689 839 1743 iatum
853 1706 916 1741 vero
936 1704 1115 1757 eorumquae
1135 1688 1227 1741 divina
1245 1688 1401 1759 simplicitas
1418 1668 1419 1671 Ἴ

341 1810 459 1881 gerenda
468 1810 606 1880 disposuit,
614 1809 739 1862 mobilem
748 1826 847 1861 nexum
859 1816 938 1878 atque
948 1808 1067 1862 ordinem
1077 1809 1258 1879 temporalem.
1278 1808 1402 1862 Inducta

340 1931 433 2000 itaque
444 1927 626 1992 similitudine,
639 1926 722 1997 paulo
732 1935 793 1997 post
805 1927 904 1992 subdit,
917 1928 988 1980 Nam
1000 1935 1030 1979 ut
1044 1928 1147 1980 orbium
1163 1928 1314 1981 rotunditas
1326 1930 1399 1983 circa

341 2049 454 2103 eundem
467 2048 603 2102 cardinem
616 2064 674 2100 sese
686 2054 834 2099 vertentem
847 2045 893 2115 qui
906 2054 947 2099 est
959 2046 1068 2099 intimus
1080 2047 1115 2099 ad
1125 2047 1275 2101 medietatis
1287 2049 1391 2120 simpli·

339 2150 446 2219 citatem
464 2164 575 2229 accedit,
596 2170 806 2231 caeterorumque
828 2170 903 2215 extra
922 2161 1069 2215 locatorum
1090 2163 1165 2216 velut
1185 2164 1266 2235 cardo
1285 2165 1395 2235 quidam

339 2286 411 2338 circa
423 2300 503 2353 quern
522 2290 661 2334 versantur
679 2281 790 2334 existit:
810 2280 924 2333 extimus
944 2298 1007 2333 vero
1028 2280 1130 2353 majore
1154 2282 1256 2335 ambitu
1276 2292 1390 2350 rotatur,

341 2413 442 2476 quanto
456 2422 472 2456 a
485 2402 578 2474 puncti
589 2401 678 2455 media
689 2400 876 2455 individuitate
889 2399 1008 2465 discedit,
1024 2410 1098 2455 tanto
1112 2402 1284 2473 amplioribus
1298 2406 1392 2475 spatiis

339 2526 496 2596 explicetur.
533 2522 627 2593 Siquid
638 2540 702 2575 vero
712 2520 753 2573 illi
767 2520 900 2573 demedio
913 2520 1044 2592 conjectat
1057 2529 1084 2574 et
1096 2522 1185 2587 societ,
1198 2524 1225 2576 in
1238 2524 1394 2595 simplicita-

339 2652 393 2699 tem
408 2644 520 2715 cogitur,
532 2640 702 2710 diffundique
714 2656 745 2693 sc
757 2638 881 2692 diffluere
894 2648 987 2692 cessat.
1024 2640 1109 2693 Simili
1120 2640 1224 2694 ratione
1244 2644 1316 2712 quod
1336 2645 1397 2699 lon·

338 2766 398 2836 gius
407 2765 615 2835 aprimaments
623 2759 743 2836 discedit,
754 2759 899 2830 majoribus
908 2759 957 2811 tati
966 2759 1079 2813 nexibus
1085 2760 1248 2831 implicatur.
1262 2762 1390 2819 Medium

337 2885 409 2956 quod
418 2884 455 2937 ait
463 2884 519 2936 sive
527 2882 616 2935 medis
624 2879 795 2933 individuitas
804 2878 905 2950 puncti,
915 2878 1073 2949 intelligitur
1083 2881 1180 2934 veritas
1191 2888 1218 2934 et
1229 2883 1388 2954 simplicitas

338 3006 398 3060 Dei.
411 3005 490 3065 Quod
499 3004 571 3057 enim
582 3001 645 3054 huic
657 2999 739 3053 amori
751 2998 926 3063 consociatur,
935 2998 963 3050 in
976 2998 1171 3070 simplicitatem
1183 3002 1295 3073 cogitur.
1315 3004 1391 3057 Diri-

339 3144 383 3180 nre
404 3126 486 3197 igitur
506 3138 682 3194 supernaeque
702 3119 876 3183 substantiae,
895 3118 990 3190 quibus
1003 3126 1030 3171 et
1049 3118 1181 3191 judicium
1204 3123 1346 3193 perspicax
1366 3133 1394 3179 et

338 3244 622 3316 incorruptavoluntas
635 3250 664 3295 et
683 3239 781 3295 efficax
797 3246 946 3310 optatorum
958 3246 1057 3309 praesto
1070 3247 1110 3291 est
1120 3247 1245 3309 potestas,
1269 3243 1335 3312 quid
1356 3253 1396 3299 est

336 3382 418 3437 quare
436 3380 490 3416 non
513 3361 662 3413 inhaereant
685 3360 724 3411 illi
748 3376 859 3413 summae
881 3366 908 3412 et
932 3359 1019 3411 unicae
1041 3357 1229 3429 simplicitati?
1247 3360 1390 3417 Cohaerent

337 3484 513 3557 proculdubio
541 3488 569 3536 et
595 3480 721 3534 dotantur
753 3478 862 3549 largiori
884 3476 1061 3547 simplicitatis
1093 3477 1241 3548 privilegio.
1273 3480 1315 3534 Eu
1340 3483 1393 3538 ista

335 3622 441 3660 recusas
454 3602 560 3658 credere
576 3610 603 3655 et
614 3617 692 3672 paras
711 3599 898 3653 contradicere.
935 3597 1122 3667 Nequaquam,
1143 3597 1239 3667 inquis,
1254 3601 1301 3653 sed
1314 3604 1388 3672 quod

337 3722 461 3777 creatoris
473 3727 519 3785 est,
532 3726 660 3772 creaturae
673 3715 736 3768 nolo
750 3716 902 3769 attribuere.
938 3715 1028 3773 Quare
1038 3688 1131 3783 iquia
1143 3709 1277 3765 aemularis
1292 3708 1388 3773 Deum,

338 3844 386 3897 sed
405 3858 460 3895 non
470 3842 543 3894 bona
562 3834 739 3890 emulatione.
776 3834 913 3893 Quantum
935 3832 1006 3884 enim
1026 3830 1130 3901 desipit,
1153 3830 1304 3900 quincue
1330 3828 1390 3883 Dec

340 3960 437 4015 collata
456 3973 568 4011 munera
591 3954 700 4027 propria
718 3952 890 4023 usurpatione
909 3967 1003 4021 rapere
1025 3948 1172 4021 praesumit,
1196 3946 1355 4001 tantundem
1379 3966 1395 4001 a

339 4080 438 4153 pietate
450 4077 535 4131 resilit
548 4076 594 4147 qui
607 4075 758 4143 datanegat
768 4071 810 4126 vel
823 4070 969 4125 abscondit.
1005 4070 1070 4133 Nos,
1083 4067 1171 4138 inquit
1179 4066 1321 4137 apostolus,
1335 4084 1391 4120 non

339 4201 460 4271 spiritum
481 4195 667 4269 hujusmundi
689 4193 848 4265 accepimus,
873 4192 920 4246 sed
942 4190 1063 4263 spiritum
1085 4188 1184 4259 quiex
1209 4186 1269 4241 Dec
1293 4194 1392 4241 esttut
