<?xml version="1.0" encoding="UTF-8"?>
<!DOCTYPE html PUBLIC "-//W3C//DTD XHTML 1.0 Transitional//EN"
    "http://www.w3.org/TR/xhtml1/DTD/xhtml1-transitional.dtd">
<html xmlns="http://www.w3.org/1999/xhtml" xml:lang="en" lang="en">
 <head>
  <title>
</title>
<meta http-equiv="Content-Type" content="text/html;charset=utf-8" />
  <meta name='ocr-system' content='tesseract 3.04.00' />
  <meta name='ocr-capabilities' content='ocr_page ocr_carea ocr_par ocr_line ocrx_word'/>
</head>
<body>
  <div class='ocr_page' id='page_1' title='image "./walteriabbatisd00messgoog_0065.png"; bbox 0 0 3100 5192; ppageno 0'>
   <div class='ocr_carea' id='block_1_1' title="bbox 782 477 957 532">
    <p class='ocr_par' dir='ltr' id='par_1_1' title="bbox 782 477 957 532">
     <span class='ocr_line' id='line_1_1' title="bbox 782 477 957 532; baseline 0.006 -3"><span class='ocrx_word' id='word_1_1' title='bbox 782 477 816 531; x_wconf 78' lang='lat' dir='ltr'><strong>G.</strong></span> <span class='ocrx_word' id='word_1_2' title='bbox 836 478 957 532; x_wconf 77' lang='lat' dir='ltr'><strong>Asseris</strong></span> 
     </span>
    </p>
   </div>
   <div class='ocr_carea' id='block_1_2' title="bbox 509 751 1236 926">
    <p class='ocr_par' dir='ltr' id='par_1_2' title="bbox 509 751 1236 926">
     <span class='ocr_line' id='line_1_2' title="bbox 509 751 1236 817; baseline -0.003 -10"><span class='ocrx_word' id='word_1_3' title='bbox 509 756 552 808; x_wconf 79' lang='lat'><strong>80.</strong></span> <span class='ocrx_word' id='word_1_4' title='bbox 573 751 772 807; x_wconf 77' lang='lat' dir='ltr'><strong>SUBPlthltl</strong></span> <span class='ocrx_word' id='word_1_5' title='bbox 790 751 923 807; x_wconf 82' lang='lat' dir='ltr'><strong>SANCTI</strong></span> <span class='ocrx_word' id='word_1_6' title='bbox 940 751 1106 817; x_wconf 73' lang='lat' dir='ltr'><strong>sicum,</strong></span> <span class='ocrx_word' id='word_1_7' title='bbox 1124 751 1236 812; x_wconf 83' lang='lat' dir='ltr'><strong>QUUM</strong></span> 
     </span>
     <span class='ocr_line' id='line_1_3' title="bbox 588 870 1162 926; baseline -0.003 0"><span class='ocrx_word' id='word_1_8' title='bbox 588 871 733 926; x_wconf 84' lang='lat' dir='ltr'><strong>VELLET</strong></span> <span class='ocrx_word' id='word_1_9' title='bbox 750 871 815 925; x_wconf 82' lang='lat' dir='ltr'><strong>lllE</strong></span> <span class='ocrx_word' id='word_1_10' title='bbox 832 871 885 925; x_wconf 80' lang='lat' dir='ltr'><strong>AD</strong></span> <span class='ocrx_word' id='word_1_11' title='bbox 904 870 1067 924; x_wconf 79' lang='lat' dir='ltr'><strong>MONTEM</strong></span> <span class='ocrx_word' id='word_1_12' title='bbox 1087 870 1162 924; x_wconf 80' lang='lat' dir='ltr'><strong>DEI.</strong></span> 
     </span>
    </p>
   </div>
   <div class='ocr_carea' id='block_1_3' title="bbox 341 991 1402 3950">
    <p class='ocr_par' dir='ltr' id='par_1_3' title="bbox 341 991 1402 3950">
     <span class='ocr_line' id='line_1_4' title="bbox 385 991 1401 1064; baseline 0 -18"><span class='ocrx_word' id='word_1_13' title='bbox 385 991 486 1047; x_wconf 84' lang='lat' dir='ltr'><strong>Paroar</strong></span> <span class='ocrx_word' id='word_1_14' title='bbox 511 1010 560 1047; x_wconf 89' lang='lat' dir='ltr'><strong>suo</strong></span> <span class='ocrx_word' id='word_1_15' title='bbox 578 1011 642 1047; x_wconf 86' lang='lat' dir='ltr'><strong>saus</strong></span> <span class='ocrx_word' id='word_1_16' title='bbox 660 993 695 1046; x_wconf 88' lang='lat' dir='ltr'><strong>G.</strong></span> <span class='ocrx_word' id='word_1_17' title='bbox 704 1023 740 1034; x_wconf 92' lang='lat'><em>-</em></span> <span class='ocrx_word' id='word_1_18' title='bbox 749 993 803 1046; x_wconf 83' lang='lat' dir='ltr'><strong>Res</strong></span> <span class='ocrx_word' id='word_1_19' title='bbox 813 991 940 1045; x_wconf 74' lang='lat' dir='ltr'><strong>hnmana</strong></span> <span class='ocrx_word' id='word_1_20' title='bbox 955 991 1068 1063; x_wconf 77' lang='lat' dir='ltr'><strong>qualiter</strong></span> <span class='ocrx_word' id='word_1_21' title='bbox 1079 991 1108 1044; x_wconf 90' lang='lat' dir='ltr'><strong>in</strong></span> <span class='ocrx_word' id='word_1_22' title='bbox 1119 1000 1210 1045; x_wconf 89' lang='lat' dir='ltr'><strong>mente</strong></span> <span class='ocrx_word' id='word_1_23' title='bbox 1228 991 1323 1046; x_wconf 83' lang='lat' dir='ltr'><strong>divina</strong></span> <span class='ocrx_word' id='word_1_24' title='bbox 1336 1011 1401 1064; x_wconf 86' lang='lat' dir='ltr'><strong>pen·</strong></span> 
     </span>
     <span class='ocr_line' id='line_1_5' title="bbox 350 1109 1402 1180; baseline 0 -17"><span class='ocrx_word' id='word_1_25' title='bbox 350 1119 450 1174; x_wconf 83' lang='lat' dir='ltr'><strong>rentur,</strong></span> <span class='ocrx_word' id='word_1_26' title='bbox 459 1111 644 1180; x_wconf 71' lang='lat' dir='ltr'><strong>conspectibus</strong></span> <span class='ocrx_word' id='word_1_27' title='bbox 654 1109 794 1163; x_wconf 90' lang='lat' dir='ltr'><strong>hominum</strong></span> <span class='ocrx_word' id='word_1_28' title='bbox 805 1111 834 1163; x_wconf 90' lang='lat' dir='ltr'><strong>in</strong></span> <span class='ocrx_word' id='word_1_29' title='bbox 845 1109 897 1164; x_wconf 85' lang='lat' dir='ltr'><strong>hac</strong></span> <span class='ocrx_word' id='word_1_30' title='bbox 908 1109 1073 1164; x_wconf 69' lang='lat' dir='ltr'>volubilitate</span> <span class='ocrx_word' id='word_1_31' title='bbox 1084 1109 1282 1164; x_wconf 87' lang='lat' dir='ltr'><strong>mundanorum</strong></span> <span class='ocrx_word' id='word_1_32' title='bbox 1290 1110 1402 1163; x_wconf 86' lang='lat' dir='ltr'><strong>abscon·</strong></span> 
     </span>
     <span class='ocr_line' id='line_1_6' title="bbox 349 1227 1402 1300; baseline 0 -18"><span class='ocrx_word' id='word_1_33' title='bbox 349 1229 429 1283; x_wconf 88' lang='lat' dir='ltr'><strong>ditur.</strong></span> <span class='ocrx_word' id='word_1_34' title='bbox 466 1228 636 1282; x_wconf 76' lang='lat' dir='ltr'><strong>solummodo</strong></span> <span class='ocrx_word' id='word_1_35' title='bbox 648 1227 769 1298; x_wconf 76' lang='lat' dir='ltr'><strong>angelica</strong></span> <span class='ocrx_word' id='word_1_36' title='bbox 780 1229 882 1299; x_wconf 87' lang='lat' dir='ltr'><strong>puritas</strong></span> <span class='ocrx_word' id='word_1_37' title='bbox 893 1228 936 1283; x_wconf 88' lang='lat' dir='ltr'><strong>his</strong></span> <span class='ocrx_word' id='word_1_38' title='bbox 946 1237 1026 1300; x_wconf 87' lang='lat' dir='ltr'><strong>prout</strong></span> <span class='ocrx_word' id='word_1_39' title='bbox 1032 1230 1111 1283; x_wconf 86' lang='lat' dir='ltr'><strong>datur</strong></span> <span class='ocrx_word' id='word_1_40' title='bbox 1118 1229 1282 1282; x_wconf 88' lang='lat' dir='ltr'><strong>admiscetur</strong></span> <span class='ocrx_word' id='word_1_41' title='bbox 1288 1229 1402 1293; x_wconf 87' lang='lat' dir='ltr'><strong>arcanis,</strong></span> 
     </span>
     <span class='ocr_line' id='line_1_7' title="bbox 352 1345 1402 1419; baseline 0.003 -20"><span class='ocrx_word' id='word_1_42' title='bbox 352 1363 383 1399; x_wconf 90' lang='lat' dir='ltr'><strong>ac</strong></span> <span class='ocrx_word' id='word_1_43' title='bbox 395 1345 429 1400; x_wconf 90' lang='lat' dir='ltr'><strong>de</strong></span> <span class='ocrx_word' id='word_1_44' title='bbox 441 1345 574 1417; x_wconf 84' lang='lat' dir='ltr'><strong>profundo</strong></span> <span class='ocrx_word' id='word_1_45' title='bbox 586 1346 772 1417; x_wconf 74' lang='lat' dir='ltr'><strong>mysteriorum</strong></span> <span class='ocrx_word' id='word_1_46' title='bbox 794 1347 896 1413; x_wconf 84' lang='lat' dir='ltr'><strong>edocta,</strong></span> <span class='ocrx_word' id='word_1_47' title='bbox 924 1348 1020 1419; x_wconf 85' lang='lat' dir='ltr'><strong>quibus</strong></span> <span class='ocrx_word' id='word_1_48' title='bbox 1034 1348 1146 1418; x_wconf 81' lang='lat' dir='ltr'><strong>dignum</strong></span> <span class='ocrx_word' id='word_1_49' title='bbox 1162 1347 1267 1401; x_wconf 78' lang='lat' dir='ltr'><strong>videtiu</strong></span> <span class='ocrx_word' id='word_1_50' title='bbox 1281 1347 1402 1402; x_wconf 87' lang='lat' dir='ltr'><strong>revelare</strong></span> 
     </span>
     <span class='ocr_line' id='line_1_8' title="bbox 350 1467 1398 1540; baseline 0 -18"><span class='ocrx_word' id='word_1_51' title='bbox 350 1467 457 1522; x_wconf 85' lang='lat' dir='ltr'><strong>sufficit.</strong></span> <span class='ocrx_word' id='word_1_52' title='bbox 494 1468 606 1522; x_wconf 82' lang='lat' dir='ltr'><strong>Interim</strong></span> <span class='ocrx_word' id='word_1_53' title='bbox 617 1469 751 1523; x_wconf 72' lang='lat' dir='ltr'><strong>temeritas</strong></span> <span class='ocrx_word' id='word_1_54' title='bbox 763 1478 851 1522; x_wconf 85' lang='lat' dir='ltr'><strong>vestra</strong></span> <span class='ocrx_word' id='word_1_55' title='bbox 862 1469 900 1522; x_wconf 91' lang='lat' dir='ltr'><strong>sic</strong></span> <span class='ocrx_word' id='word_1_56' title='bbox 912 1471 940 1522; x_wconf 93' lang='lat' dir='ltr'><strong>in</strong></span> <span class='ocrx_word' id='word_1_57' title='bbox 952 1488 980 1522; x_wconf 89' lang='lat' dir='ltr'><strong>se</strong></span> <span class='ocrx_word' id='word_1_58' title='bbox 991 1470 1049 1540; x_wconf 92' lang='lat' dir='ltr'><strong>ipsa</strong></span> <span class='ocrx_word' id='word_1_59' title='bbox 1064 1471 1205 1523; x_wconf 85' lang='lat' dir='ltr'><strong>obscurata</strong></span> <span class='ocrx_word' id='word_1_60' title='bbox 1218 1469 1398 1534; x_wconf 87' lang='lat' dir='ltr'><strong>confunditur,</strong></span> 
     </span>
     <span class='ocr_line' id='line_1_9' title="bbox 349 1589 1401 1660; baseline 0.001 -19"><span class='ocrx_word' id='word_1_61' title='bbox 349 1597 380 1642; x_wconf 90' lang='lat' dir='ltr'><strong>ut</strong></span> <span class='ocrx_word' id='word_1_62' title='bbox 392 1606 442 1643; x_wconf 88' lang='lat' dir='ltr'><strong>nec</strong></span> <span class='ocrx_word' id='word_1_63' title='bbox 453 1598 555 1643; x_wconf 86' lang='lat' dir='ltr'><strong>remota</strong></span> <span class='ocrx_word' id='word_1_64' title='bbox 566 1590 685 1644; x_wconf 88' lang='lat' dir='ltr'><strong>sensibus</strong></span> <span class='ocrx_word' id='word_1_65' title='bbox 697 1590 863 1660; x_wconf 73' lang='lat' dir='ltr'><strong>aliquetenus</strong></span> <span class='ocrx_word' id='word_1_66' title='bbox 873 1589 1062 1660; x_wconf 87' lang='lat' dir='ltr'><strong>apprehendat,</strong></span> <span class='ocrx_word' id='word_1_67' title='bbox 1071 1606 1123 1642; x_wconf 88' lang='lat' dir='ltr'><strong>nec</strong></span> <span class='ocrx_word' id='word_1_68' title='bbox 1131 1589 1226 1642; x_wconf 89' lang='lat' dir='ltr'><strong>saltem</strong></span> <span class='ocrx_word' id='word_1_69' title='bbox 1238 1589 1330 1642; x_wconf 81' lang='lat' dir='ltr'><strong>ricius</strong></span> <span class='ocrx_word' id='word_1_70' title='bbox 1340 1606 1401 1660; x_wconf 77' lang='lat' dir='ltr'><strong>cog·</strong></span> 
     </span>
     <span class='ocr_line' id='line_1_10' title="bbox 350 1707 1401 1780; baseline 0.001 -19"><span class='ocrx_word' id='word_1_71' title='bbox 350 1708 450 1762; x_wconf 89' lang='lat' dir='ltr'><strong>niticne</strong></span> <span class='ocrx_word' id='word_1_72' title='bbox 462 1709 581 1779; x_wconf 88' lang='lat' dir='ltr'><strong>perfecta</strong></span> <span class='ocrx_word' id='word_1_73' title='bbox 593 1710 737 1780; x_wconf 84' lang='lat' dir='ltr'><strong>contingat.</strong></span> <span class='ocrx_word' id='word_1_74' title='bbox 774 1709 866 1779; x_wconf 78' lang='lat' dir='ltr'><strong>Digna</strong></span> <span class='ocrx_word' id='word_1_75' title='bbox 881 1707 941 1761; x_wconf 77' lang='lat' dir='ltr'><strong>herc</strong></span> <span class='ocrx_word' id='word_1_76' title='bbox 957 1708 1025 1763; x_wconf 85' lang='lat' dir='ltr'><strong>ultio</strong></span> <span class='ocrx_word' id='word_1_77' title='bbox 1040 1709 1070 1761; x_wconf 93' lang='lat' dir='ltr'><strong>in</strong></span> <span class='ocrx_word' id='word_1_78' title='bbox 1082 1718 1311 1780; x_wconf 68' lang='lat' dir='ltr'><strong>praesumptorem,</strong></span> <span class='ocrx_word' id='word_1_79' title='bbox 1327 1717 1401 1762; x_wconf 89' lang='lat' dir='ltr'><strong>utet</strong></span> 
     </span>
     <span class='ocr_line' id='line_1_11' title="bbox 350 1827 1400 1900; baseline 0.001 -19"><span class='ocrx_word' id='word_1_80' title='bbox 350 1827 383 1881; x_wconf 89' lang='lat' dir='ltr'><strong>de</strong></span> <span class='ocrx_word' id='word_1_81' title='bbox 395 1828 537 1898; x_wconf 79' lang='lat' dir='ltr'><strong>praeteritis</strong></span> <span class='ocrx_word' id='word_1_82' title='bbox 548 1835 674 1898; x_wconf 85' lang='lat' dir='ltr'><strong>arguatur</strong></span> <span class='ocrx_word' id='word_1_83' title='bbox 685 1834 711 1880; x_wconf 90' lang='lat' dir='ltr'><strong>et</strong></span> <span class='ocrx_word' id='word_1_84' title='bbox 722 1845 739 1880; x_wconf 90' lang='lat' dir='ltr'><strong>a</strong></span> <span class='ocrx_word' id='word_1_85' title='bbox 750 1827 846 1880; x_wconf 89' lang='lat' dir='ltr'><strong>futuris</strong></span> <span class='ocrx_word' id='word_1_86' title='bbox 861 1832 1021 1881; x_wconf 79' lang='lat' dir='ltr'><strong>coerceatur.</strong></span> <span class='ocrx_word' id='word_1_87' title='bbox 1065 1827 1171 1881; x_wconf 86' lang='lat' dir='ltr'><strong>Timore</strong></span> <span class='ocrx_word' id='word_1_88' title='bbox 1184 1828 1264 1900; x_wconf 84' lang='lat' dir='ltr'><strong>hujus</strong></span> <span class='ocrx_word' id='word_1_89' title='bbox 1280 1828 1400 1900; x_wconf 88' lang='lat' dir='ltr'><strong>periculi,</strong></span> 
     </span>
     <span class='ocr_line' id='line_1_12' title="bbox 349 1947 1400 2020; baseline 0.001 -19"><span class='ocrx_word' id='word_1_90' title='bbox 349 1949 386 2002; x_wconf 91' lang='lat' dir='ltr'><strong>mi</strong></span> <span class='ocrx_word' id='word_1_91' title='bbox 400 1947 561 2012; x_wconf 79' lang='lat' dir='ltr'><strong>dulcissime,</strong></span> <span class='ocrx_word' id='word_1_92' title='bbox 575 1947 734 2013; x_wconf 89' lang='lat' dir='ltr'><strong>admonitus,</strong></span> <span class='ocrx_word' id='word_1_93' title='bbox 747 1947 781 2005; x_wconf 90' lang='lat' dir='ltr'><strong>de</strong></span> <span class='ocrx_word' id='word_1_94' title='bbox 793 1947 968 2019; x_wconf 79' lang='lat' dir='ltr'><strong>praesentibus</strong></span> <span class='ocrx_word' id='word_1_95' title='bbox 978 1948 1087 2019; x_wconf 91' lang='lat' dir='ltr'><strong>quidem</strong></span> <span class='ocrx_word' id='word_1_96' title='bbox 1096 1967 1181 2020; x_wconf 77' lang='lat' dir='ltr'><strong>angor</strong></span> <span class='ocrx_word' id='word_1_97' title='bbox 1190 1958 1217 2003; x_wconf 89' lang='lat' dir='ltr'><strong>et</strong></span> <span class='ocrx_word' id='word_1_98' title='bbox 1226 1956 1316 2002; x_wconf 64' lang='lat' dir='ltr'><strong>umen</strong></span> <span class='ocrx_word' id='word_1_99' title='bbox 1328 1949 1400 2002; x_wconf 84' lang='lat' dir='ltr'><strong>intu-</strong></span> 
     </span>
     <span class='ocr_line' id='line_1_13' title="bbox 349 2068 1401 2140; baseline -0.002 -16"><span class='ocrx_word' id='word_1_100' title='bbox 349 2089 438 2125; x_wconf 90' lang='lat' dir='ltr'><strong>rorum</strong></span> <span class='ocrx_word' id='word_1_101' title='bbox 451 2070 626 2140; x_wconf 75' lang='lat' dir='ltr'><strong>praesentiens</strong></span> <span class='ocrx_word' id='word_1_102' title='bbox 636 2068 786 2138; x_wconf 85' lang='lat' dir='ltr'><strong>caliginem,</strong></span> <span class='ocrx_word' id='word_1_103' title='bbox 798 2070 855 2122; x_wconf 82' lang='lat' dir='ltr'><strong>vias</strong></span> <span class='ocrx_word' id='word_1_104' title='bbox 865 2068 1014 2140; x_wconf 82' lang='lat' dir='ltr'><strong>incognitas</strong></span> <span class='ocrx_word' id='word_1_105' title='bbox 1026 2069 1178 2122; x_wconf 86' lang='lat' dir='ltr'><strong>reformido.</strong></span> <span class='ocrx_word' id='word_1_106' title='bbox 1225 2068 1321 2122; x_wconf 84' lang='lat' dir='ltr'><strong>Gratia</strong></span> <span class='ocrx_word' id='word_1_107' title='bbox 1337 2086 1401 2122; x_wconf 79' lang='lat' dir='ltr'><strong>vero</strong></span> 
     </span>
     <span class='ocr_line' id='line_1_14' title="bbox 350 2187 1400 2260; baseline -0.001 -16"><span class='ocrx_word' id='word_1_108' title='bbox 350 2191 434 2244; x_wconf 88' lang='lat' dir='ltr'><strong>divini</strong></span> <span class='ocrx_word' id='word_1_109' title='bbox 457 2190 552 2244; x_wconf 75' lang='lat' dir='ltr'><strong>auxilii</strong></span> <span class='ocrx_word' id='word_1_110' title='bbox 570 2191 592 2241; x_wconf 90' lang='lat' dir='ltr'><strong>si</strong></span> <span class='ocrx_word' id='word_1_111' title='bbox 609 2187 732 2252; x_wconf 84' lang='lat' dir='ltr'><strong>adfuerit,</strong></span> <span class='ocrx_word' id='word_1_112' title='bbox 752 2205 802 2240; x_wconf 89' lang='lat' dir='ltr'><strong>nec</strong></span> <span class='ocrx_word' id='word_1_113' title='bbox 821 2189 954 2259; x_wconf 84' lang='lat' dir='ltr'><strong>profunda</strong></span> <span class='ocrx_word' id='word_1_114' title='bbox 970 2189 1060 2260; x_wconf 82' lang='lat' dir='ltr'><strong>pelagi</strong></span> <span class='ocrx_word' id='word_1_115' title='bbox 1077 2190 1236 2260; x_wconf 87' lang='lat' dir='ltr'><strong>pertimesco</strong></span> <span class='ocrx_word' id='word_1_116' title='bbox 1252 2205 1303 2244; x_wconf 89' lang='lat' dir='ltr'><strong>nec</strong></span> <span class='ocrx_word' id='word_1_117' title='bbox 1321 2190 1400 2243; x_wconf 88' lang='lat' dir='ltr'><strong>etiam</strong></span> 
     </span>
     <span class='ocr_line' id='line_1_15' title="bbox 350 2307 1400 2384; baseline 0.002 -20"><span class='ocrx_word' id='word_1_118' title='bbox 350 2327 465 2384; x_wconf 82' lang='lat' dir='ltr'><strong>quaeque</strong></span> <span class='ocrx_word' id='word_1_119' title='bbox 476 2309 607 2362; x_wconf 84' lang='lat' dir='ltr'><strong>intentata</strong></span> <span class='ocrx_word' id='word_1_120' title='bbox 620 2307 734 2377; x_wconf 79' lang='lat' dir='ltr'><strong>arripere</strong></span> <span class='ocrx_word' id='word_1_121' title='bbox 746 2307 848 2361; x_wconf 88' lang='lat' dir='ltr'><strong>diffido.</strong></span> <span class='ocrx_word' id='word_1_122' title='bbox 886 2309 945 2363; x_wconf 84' lang='lat' dir='ltr'><strong>Etsi</strong></span> <span class='ocrx_word' id='word_1_123' title='bbox 957 2311 1029 2363; x_wconf 87' lang='lat' dir='ltr'><strong>enim</strong></span> <span class='ocrx_word' id='word_1_124' title='bbox 1039 2327 1133 2380; x_wconf 86' lang='lat' dir='ltr'><strong>parum</strong></span> <span class='ocrx_word' id='word_1_125' title='bbox 1143 2312 1269 2365; x_wconf 88' lang='lat' dir='ltr'><strong>roborata</strong></span> <span class='ocrx_word' id='word_1_126' title='bbox 1284 2312 1400 2383; x_wconf 74' lang='lat' dir='ltr'><strong>trepidet</strong></span> 
     </span>
     <span class='ocr_line' id='line_1_16' title="bbox 349 2425 1400 2504; baseline -0.003 -16"><span class='ocrx_word' id='word_1_127' title='bbox 349 2431 466 2494; x_wconf 82' lang='lat' dir='ltr'><strong>affectio,</strong></span> <span class='ocrx_word' id='word_1_128' title='bbox 478 2427 574 2502; x_wconf 81' lang='lat' dir='ltr'><strong>poterit</strong></span> <span class='ocrx_word' id='word_1_129' title='bbox 585 2426 642 2483; x_wconf 87' lang='lat' dir='ltr'><strong>sine</strong></span> <span class='ocrx_word' id='word_1_130' title='bbox 653 2425 733 2480; x_wconf 92' lang='lat' dir='ltr'><strong>dubio</strong></span> <span class='ocrx_word' id='word_1_131' title='bbox 745 2426 903 2483; x_wconf 88' lang='lat' dir='ltr'><strong>consolidari</strong></span> <span class='ocrx_word' id='word_1_132' title='bbox 913 2428 1085 2502; x_wconf 73' lang='lat' dir='ltr'><strong>insuperabili</strong></span> <span class='ocrx_word' id='word_1_133' title='bbox 1102 2432 1211 2500; x_wconf 86' lang='lat' dir='ltr'><strong>superni</strong></span> <span class='ocrx_word' id='word_1_134' title='bbox 1226 2432 1338 2485; x_wconf 88' lang='lat' dir='ltr'><strong>luminis</strong></span> <span class='ocrx_word' id='word_1_135' title='bbox 1353 2450 1400 2504; x_wconf 91' lang='lat' dir='ltr'><strong>pa-</strong></span> 
     </span>
     <span class='ocr_line' id='line_1_17' title="bbox 349 2549 1401 2621; baseline -0.001 -12"><span class='ocrx_word' id='word_1_136' title='bbox 349 2552 470 2610; x_wconf 85' lang='lat' dir='ltr'><strong>trocinio.</strong></span> <span class='ocrx_word' id='word_1_137' title='bbox 507 2549 531 2602; x_wconf 93' lang='lat'>0</span> <span class='ocrx_word' id='word_1_138' title='bbox 545 2550 561 2603; x_wconf 87' lang='lat' dir='ltr'>J</span> <span class='ocrx_word' id='word_1_139' title='bbox 563 2567 619 2615; x_wconf 87' lang='lat' dir='ltr'><strong>esu,</strong></span> <span class='ocrx_word' id='word_1_140' title='bbox 632 2549 674 2602; x_wconf 92' lang='lat' dir='ltr'><strong>cui</strong></span> <span class='ocrx_word' id='word_1_141' title='bbox 685 2567 785 2602; x_wconf 86' lang='lat' dir='ltr'><strong>vanum</strong></span> <span class='ocrx_word' id='word_1_142' title='bbox 795 2549 846 2602; x_wconf 88' lang='lat' dir='ltr'><strong>fuit</strong></span> <span class='ocrx_word' id='word_1_143' title='bbox 857 2549 892 2603; x_wconf 90' lang='lat' dir='ltr'><strong>ad</strong></span> <span class='ocrx_word' id='word_1_144' title='bbox 903 2557 930 2602; x_wconf 89' lang='lat' dir='ltr'><strong>ts</strong></span> <span class='ocrx_word' id='word_1_145' title='bbox 942 2550 1092 2621; x_wconf 86' lang='lat' dir='ltr'><strong>confugere,</strong></span> <span class='ocrx_word' id='word_1_146' title='bbox 1108 2551 1150 2603; x_wconf 88' lang='lat' dir='ltr'><strong>cui</strong></span> <span class='ocrx_word' id='word_1_147' title='bbox 1161 2552 1231 2606; x_wconf 84' lang='lat' dir='ltr'><strong>male</strong></span> <span class='ocrx_word' id='word_1_148' title='bbox 1246 2553 1327 2607; x_wconf 85' lang='lat' dir='ltr'><strong>cessit</strong></span> <span class='ocrx_word' id='word_1_149' title='bbox 1338 2561 1364 2607; x_wconf 89' lang='lat' dir='ltr'><strong>te</strong></span> <span class='ocrx_word' id='word_1_150' title='bbox 1373 2561 1401 2608; x_wconf 85' lang='lat' dir='ltr'><strong>et</strong></span> 
     </span>
     <span class='ocr_line' id='line_1_18' title="bbox 347 2671 1401 2745; baseline -0.003 -14"><span class='ocrx_word' id='word_1_151' title='bbox 347 2678 418 2732; x_wconf 88' lang='lat' dir='ltr'><strong>inter</strong></span> <span class='ocrx_word' id='word_1_152' title='bbox 431 2691 523 2745; x_wconf 83' lang='lat' dir='ltr'><strong>vepres</strong></span> <span class='ocrx_word' id='word_1_153' title='bbox 534 2673 681 2726; x_wconf 73' lang='lat' dir='ltr'><strong>haerentem</strong></span> <span class='ocrx_word' id='word_1_154' title='bbox 693 2671 819 2724; x_wconf 88' lang='lat' dir='ltr'><strong>cornibus</strong></span> <span class='ocrx_word' id='word_1_155' title='bbox 831 2688 959 2740; x_wconf 78' lang='lat' dir='ltr'><strong>quaerere.</strong></span> <span class='ocrx_word' id='word_1_156' title='bbox 994 2671 1033 2723; x_wconf 87' lang='lat' dir='ltr'><strong>Te</strong></span> <span class='ocrx_word' id='word_1_157' title='bbox 1043 2671 1152 2742; x_wconf 86' lang='lat' dir='ltr'><strong>quidem</strong></span> <span class='ocrx_word' id='word_1_158' title='bbox 1163 2690 1214 2726; x_wconf 88' lang='lat' dir='ltr'><strong>nec</strong></span> <span class='ocrx_word' id='word_1_159' title='bbox 1225 2674 1310 2744; x_wconf 85' lang='lat' dir='ltr'><strong>pietas</strong></span> <span class='ocrx_word' id='word_1_160' title='bbox 1326 2675 1401 2729; x_wconf 89' lang='lat' dir='ltr'><strong>dese-</strong></span> 
     </span>
     <span class='ocr_line' id='line_1_19' title="bbox 348 2789 1398 2868; baseline -0.002 -19"><span class='ocrx_word' id='word_1_161' title='bbox 348 2795 384 2850; x_wconf 85' lang='lat' dir='ltr'><strong>rit</strong></span> <span class='ocrx_word' id='word_1_162' title='bbox 392 2811 443 2848; x_wconf 87' lang='lat' dir='ltr'><strong>nec</strong></span> <span class='ocrx_word' id='word_1_163' title='bbox 456 2791 743 2862; x_wconf 65' lang='lat' dir='ltr'><strong>omnipotentiamque</strong></span> <span class='ocrx_word' id='word_1_164' title='bbox 756 2790 790 2844; x_wconf 86' lang='lat' dir='ltr'><strong>ab</strong></span> <span class='ocrx_word' id='word_1_165' title='bbox 801 2789 829 2846; x_wconf 85' lang='lat' dir='ltr'><strong>id</strong></span> <span class='ocrx_word' id='word_1_166' title='bbox 841 2790 894 2846; x_wconf 85' lang='lat' dir='ltr'><strong>tuis</strong></span> <span class='ocrx_word' id='word_1_167' title='bbox 902 2808 952 2848; x_wconf 88' lang='lat' dir='ltr'><strong>nec</strong></span> <span class='ocrx_word' id='word_1_168' title='bbox 958 2791 1032 2861; x_wconf 87' lang='lat' dir='ltr'><strong>pium</strong></span> <span class='ocrx_word' id='word_1_169' title='bbox 1040 2791 1109 2848; x_wconf 82' lang='lat' dir='ltr'><strong>ferre</strong></span> <span class='ocrx_word' id='word_1_170' title='bbox 1115 2811 1222 2848; x_wconf 88' lang='lat' dir='ltr'><strong>recusas</strong></span> <span class='ocrx_word' id='word_1_171' title='bbox 1230 2795 1398 2868; x_wconf 81' lang='lat' dir='ltr'><strong>suffragium,</strong></span> 
     </span>
     <span class='ocr_line' id='line_1_20' title="bbox 348 2910 1399 2994; baseline 0.001 -25"><span class='ocrx_word' id='word_1_172' title='bbox 348 2934 397 2972; x_wconf 90' lang='lat' dir='ltr'><strong>nec</strong></span> <span class='ocrx_word' id='word_1_173' title='bbox 410 2915 443 2969; x_wconf 89' lang='lat' dir='ltr'><strong>de</strong></span> <span class='ocrx_word' id='word_1_174' title='bbox 457 2911 614 2984; x_wconf 86' lang='lat' dir='ltr'><strong>impotentia</strong></span> <span class='ocrx_word' id='word_1_175' title='bbox 624 2910 768 2980; x_wconf 79' lang='lat' dir='ltr'><strong>praetendis</strong></span> <span class='ocrx_word' id='word_1_176' title='bbox 784 2911 938 2981; x_wconf 81' lang='lat' dir='ltr'><strong>suffugium.</strong></span> <span class='ocrx_word' id='word_1_177' title='bbox 977 2913 1030 2964; x_wconf 89' lang='lat' dir='ltr'><strong>Sua</strong></span> <span class='ocrx_word' id='word_1_178' title='bbox 1047 2914 1136 2984; x_wconf 89' lang='lat' dir='ltr'><strong>potius</strong></span> <span class='ocrx_word' id='word_1_179' title='bbox 1153 2916 1230 2984; x_wconf 87' lang='lat' dir='ltr'><strong>perit,</strong></span> <span class='ocrx_word' id='word_1_180' title='bbox 1248 2917 1399 2994; x_wconf 75' lang='lat' dir='ltr'><strong>quicumque</strong></span> 
     </span>
     <span class='ocr_line' id='line_1_21' title="bbox 346 3030 1399 3112; baseline 0.001 -21"><span class='ocrx_word' id='word_1_181' title='bbox 346 3036 517 3109; x_wconf 84' lang='lat' dir='ltr'><strong>periclitatur,</strong></span> <span class='ocrx_word' id='word_1_182' title='bbox 523 3030 671 3086; x_wconf 85' lang='lat' dir='ltr'><strong>diffidentia</strong></span> <span class='ocrx_word' id='word_1_183' title='bbox 679 3047 758 3102; x_wconf 86' lang='lat' dir='ltr'><strong>quam</strong></span> <span class='ocrx_word' id='word_1_184' title='bbox 768 3033 997 3086; x_wconf 85' lang='lat' dir='ltr'><strong>tuainclementia.</strong></span> <span class='ocrx_word' id='word_1_185' title='bbox 1010 3033 1109 3086; x_wconf 86' lang='lat' dir='ltr'><strong>Nostro</strong></span> <span class='ocrx_word' id='word_1_186' title='bbox 1117 3034 1138 3086; x_wconf 89' lang='lat' dir='ltr'><strong>si</strong></span> <span class='ocrx_word' id='word_1_187' title='bbox 1146 3034 1264 3105; x_wconf 88' lang='lat' dir='ltr'><strong>dignaris</strong></span> <span class='ocrx_word' id='word_1_188' title='bbox 1273 3039 1399 3112; x_wconf 79' lang='lat' dir='ltr'><strong>obsequio</strong></span> 
     </span>
     <span class='ocr_line' id='line_1_22' title="bbox 346 3142 1399 3224; baseline -0.001 -12"><span class='ocrx_word' id='word_1_189' title='bbox 346 3167 463 3213; x_wconf 88' lang='lat' dir='ltr'><strong>mentem</strong></span> <span class='ocrx_word' id='word_1_190' title='bbox 487 3142 604 3207; x_wconf 82' lang='lat' dir='ltr'><strong>nostram</strong></span> <span class='ocrx_word' id='word_1_191' title='bbox 624 3170 772 3224; x_wconf 83' lang='lat' dir='ltr'><strong>compunge</strong></span> <span class='ocrx_word' id='word_1_192' title='bbox 790 3160 864 3206; x_wconf 88' lang='lat' dir='ltr'><strong>tactu</strong></span> <span class='ocrx_word' id='word_1_193' title='bbox 881 3154 993 3217; x_wconf 89' lang='lat' dir='ltr'><strong>interno,</strong></span> <span class='ocrx_word' id='word_1_194' title='bbox 1012 3159 1039 3204; x_wconf 81' lang='lat' dir='ltr'><strong>et</strong></span> <span class='ocrx_word' id='word_1_195' title='bbox 1056 3152 1085 3204; x_wconf 89' lang='lat' dir='ltr'><strong>in</strong></span> <span class='ocrx_word' id='word_1_196' title='bbox 1102 3153 1227 3208; x_wconf 88' lang='lat' dir='ltr'><strong>funiculis</strong></span> <span class='ocrx_word' id='word_1_197' title='bbox 1245 3158 1343 3211; x_wconf 89' lang='lat' dir='ltr'><strong>amoris</strong></span> <span class='ocrx_word' id='word_1_198' title='bbox 1360 3158 1399 3211; x_wconf 94' lang='lat' dir='ltr'><strong>tui</strong></span> 
     </span>
     <span class='ocr_line' id='line_1_23' title="bbox 346 3271 1397 3344; baseline -0.002 -12"><span class='ocrx_word' id='word_1_199' title='bbox 346 3277 456 3332; x_wconf 85' lang='lat' dir='ltr'><strong>reduce</strong></span> <span class='ocrx_word' id='word_1_200' title='bbox 469 3274 558 3327; x_wconf 87' lang='lat' dir='ltr'><strong>seculo</strong></span> <span class='ocrx_word' id='word_1_201' title='bbox 574 3280 601 3324; x_wconf 86' lang='lat' dir='ltr'><strong>et</strong></span> <span class='ocrx_word' id='word_1_202' title='bbox 617 3272 704 3326; x_wconf 87' lang='lat' dir='ltr'><strong>deduc</strong></span> <span class='ocrx_word' id='word_1_203' title='bbox 721 3273 749 3324; x_wconf 90' lang='lat' dir='ltr'><strong>in</strong></span> <span class='ocrx_word' id='word_1_204' title='bbox 765 3289 892 3325; x_wconf 89' lang='lat' dir='ltr'><strong>eremum.</strong></span> <span class='ocrx_word' id='word_1_205' title='bbox 937 3271 1077 3325; x_wconf 85' lang='lat' dir='ltr'><strong>Tumultus</strong></span> <span class='ocrx_word' id='word_1_206' title='bbox 1094 3290 1149 3327; x_wconf 86' lang='lat' dir='ltr'><strong>non</strong></span> <span class='ocrx_word' id='word_1_207' title='bbox 1166 3276 1293 3344; x_wconf 75' lang='lat' dir='ltr'><strong>quiescat,</strong></span> <span class='ocrx_word' id='word_1_208' title='bbox 1312 3277 1397 3331; x_wconf 87' lang='lat' dir='ltr'><strong>donec</strong></span> 
     </span>
     <span class='ocr_line' id='line_1_24' title="bbox 345 3391 1398 3468; baseline -0.004 -16"><span class='ocrx_word' id='word_1_209' title='bbox 345 3407 473 3468; x_wconf 88' lang='lat' dir='ltr'><strong>tanquam</strong></span> <span class='ocrx_word' id='word_1_210' title='bbox 483 3412 605 3467; x_wconf 87' lang='lat' dir='ltr'><strong>spumam</strong></span> <span class='ocrx_word' id='word_1_211' title='bbox 616 3394 650 3448; x_wconf 91' lang='lat' dir='ltr'><strong>ad</strong></span> <span class='ocrx_word' id='word_1_212' title='bbox 661 3393 756 3446; x_wconf 83' lang='lat' dir='ltr'><strong>littoris</strong></span> <span class='ocrx_word' id='word_1_213' title='bbox 769 3393 858 3463; x_wconf 87' lang='lat' dir='ltr'><strong>quieta</strong></span> <span class='ocrx_word' id='word_1_214' title='bbox 869 3409 918 3444; x_wconf 90' lang='lat' dir='ltr'><strong>nos</strong></span> <span class='ocrx_word' id='word_1_215' title='bbox 929 3391 1026 3464; x_wconf 79' lang='lat' dir='ltr'><strong>ejiciat.</strong></span> <span class='ocrx_word' id='word_1_216' title='bbox 1064 3393 1131 3458; x_wconf 82' lang='lat' dir='ltr'><strong>Fiat,</strong></span> <span class='ocrx_word' id='word_1_217' title='bbox 1140 3393 1188 3448; x_wconf 85' lang='lat' dir='ltr'><strong>fiat</strong></span> <span class='ocrx_word' id='word_1_218' title='bbox 1196 3412 1278 3466; x_wconf 89' lang='lat' dir='ltr'><strong>super</strong></span> <span class='ocrx_word' id='word_1_219' title='bbox 1286 3413 1336 3448; x_wconf 90' lang='lat' dir='ltr'><strong>nos</strong></span> <span class='ocrx_word' id='word_1_220' title='bbox 1348 3396 1398 3448; x_wconf 81' lang='lat' dir='ltr'><strong>mi-</strong></span> 
     </span>
     <span class='ocr_line' id='line_1_25' title="bbox 345 3513 1396 3584; baseline -0.004 -12"><span class='ocrx_word' id='word_1_221' title='bbox 345 3516 487 3572; x_wconf 88' lang='lat' dir='ltr'><strong>sericordia</strong></span> <span class='ocrx_word' id='word_1_222' title='bbox 508 3524 562 3580; x_wconf 88' lang='lat' dir='ltr'><strong>tua,</strong></span> <span class='ocrx_word' id='word_1_223' title='bbox 584 3514 707 3569; x_wconf 88' lang='lat' dir='ltr'><strong>Domine.</strong></span> <span class='ocrx_word' id='word_1_224' title='bbox 752 3514 816 3567; x_wconf 88' lang='lat' dir='ltr'><strong>Non</strong></span> <span class='ocrx_word' id='word_1_225' title='bbox 841 3521 1011 3566; x_wconf 85' lang='lat' dir='ltr'><strong>convertatur</strong></span> <span class='ocrx_word' id='word_1_226' title='bbox 1034 3513 1182 3566; x_wconf 86' lang='lat' dir='ltr'><strong>amaritudo</strong></span> <span class='ocrx_word' id='word_1_227' title='bbox 1199 3514 1325 3584; x_wconf 87' lang='lat' dir='ltr'><strong>potionis,</strong></span> <span class='ocrx_word' id='word_1_228' title='bbox 1344 3516 1396 3568; x_wconf 90' lang='lat' dir='ltr'><strong>nisi</strong></span> 
     </span>
     <span class='ocr_line' id='line_1_26' title="bbox 345 3633 1396 3708; baseline -0.006 -16"><span class='ocrx_word' id='word_1_229' title='bbox 345 3638 436 3694; x_wconf 88' lang='lat' dir='ltr'><strong>omnia</strong></span> <span class='ocrx_word' id='word_1_230' title='bbox 447 3635 633 3708; x_wconf 80' lang='lat' dir='ltr'><strong>expurgaverit</strong></span> <span class='ocrx_word' id='word_1_231' title='bbox 641 3635 768 3706; x_wconf 85' lang='lat' dir='ltr'><strong>superflui</strong></span> <span class='ocrx_word' id='word_1_232' title='bbox 775 3634 900 3699; x_wconf 87' lang='lat' dir='ltr'><strong>humoris,</strong></span> <span class='ocrx_word' id='word_1_233' title='bbox 909 3634 1017 3688; x_wconf 81' lang='lat' dir='ltr'><strong>lionoris</strong></span> <span class='ocrx_word' id='word_1_234' title='bbox 1025 3633 1141 3698; x_wconf 86' lang='lat' dir='ltr'><strong>ambitio,</strong></span> <span class='ocrx_word' id='word_1_235' title='bbox 1152 3635 1238 3686; x_wconf 82' lang='lat' dir='ltr'><strong>carnis</strong></span> <span class='ocrx_word' id='word_1_236' title='bbox 1247 3633 1396 3698; x_wconf 87' lang='lat' dir='ltr'><strong>delectatio,</strong></span> 
     </span>
     <span class='ocr_line' id='line_1_27' title="bbox 343 3737 1399 3838; baseline -0.006 -26"><span class='ocrx_word' id='word_1_237' title='bbox 343 3757 489 3812; x_wconf 79' lang='lat' dir='ltr'><strong>amicorum</strong></span> <span class='ocrx_word' id='word_1_238' title='bbox 501 3737 689 3818; x_wconf 80' lang='lat' dir='ltr'><strong>confabulatio,</strong></span> <span class='ocrx_word' id='word_1_239' title='bbox 702 3750 959 3824; x_wconf 82' lang='lat' dir='ltr'><strong>consanguineorum</strong></span> <span class='ocrx_word' id='word_1_240' title='bbox 969 3754 1093 3820; x_wconf 81' lang='lat' dir='ltr'><strong>visitatio,</strong></span> <span class='ocrx_word' id='word_1_241' title='bbox 1106 3755 1285 3838; x_wconf 82' lang='lat' dir='ltr'><strong>subjectorum</strong></span> <span class='ocrx_word' id='word_1_242' title='bbox 1301 3753 1399 3825; x_wconf 78' lang='lat' dir='ltr'><strong>praela-</strong></span> 
     </span>
     <span class='ocr_line' id='line_1_28' title="bbox 341 3874 1397 3950; baseline 0.006 -23"><span class='ocrx_word' id='word_1_243' title='bbox 341 3874 645 3945; x_wconf 77' lang='lat' dir='ltr'><strong>tio,majorispotestatis</strong></span> <span class='ocrx_word' id='word_1_244' title='bbox 654 3875 805 3928; x_wconf 88' lang='lat' dir='ltr'><strong>ostentatio.</strong></span> <span class='ocrx_word' id='word_1_245' title='bbox 830 3876 868 3928; x_wconf 88' lang='lat' dir='ltr'><strong>Ut</strong></span> <span class='ocrx_word' id='word_1_246' title='bbox 878 3877 960 3948; x_wconf 82' lang='lat' dir='ltr'><strong>quidr</strong></span> <span class='ocrx_word' id='word_1_247' title='bbox 976 3894 1065 3930; x_wconf 91' lang='lat' dir='ltr'><strong>nonne</strong></span> <span class='ocrx_word' id='word_1_248' title='bbox 1076 3876 1118 3930; x_wconf 86' lang='lat' dir='ltr'><strong>his</strong></span> <span class='ocrx_word' id='word_1_249' title='bbox 1125 3876 1215 3929; x_wconf 90' lang='lat' dir='ltr'><strong>anima</strong></span> <span class='ocrx_word' id='word_1_250' title='bbox 1222 3878 1397 3950; x_wconf 88' lang='lat' dir='ltr'><strong>compeditur,</strong></span> 
     </span>
    </p>
   </div>
   <div class='ocr_carea' id='block_1_4' title="bbox 341 3993 1400 4068">
    <p class='ocr_par' dir='ltr' id='par_1_4' title="bbox 341 3993 1400 4068">
     <span class='ocr_line' id='line_1_29' title="bbox 341 3993 1400 4068; baseline -0.002 -16"><span class='ocrx_word' id='word_1_251' title='bbox 341 4013 376 4052; x_wconf 82' lang='lat' dir='ltr'><strong>ne</strong></span> <span class='ocrx_word' id='word_1_252' title='bbox 399 3993 434 4049; x_wconf 89' lang='lat' dir='ltr'><strong>ad</strong></span> <span class='ocrx_word' id='word_1_253' title='bbox 456 4011 572 4068; x_wconf 88' lang='lat' dir='ltr'><strong>superna</strong></span> <span class='ocrx_word' id='word_1_254' title='bbox 595 3996 709 4050; x_wconf 73' lang='lat' dir='ltr'><strong>evadat!</strong></span> <span class='ocrx_word' id='word_1_255' title='bbox 727 4013 817 4049; x_wconf 86' lang='lat' dir='ltr'><strong>nonne</strong></span> <span class='ocrx_word' id='word_1_256' title='bbox 838 3996 880 4050; x_wconf 91' lang='lat' dir='ltr'><strong>his</strong></span> <span class='ocrx_word' id='word_1_257' title='bbox 899 3997 1079 4067; x_wconf 88' lang='lat' dir='ltr'><strong>complicatur,</strong></span> <span class='ocrx_word' id='word_1_258' title='bbox 1098 4015 1133 4050; x_wconf 89' lang='lat' dir='ltr'><strong>ne</strong></span> <span class='ocrx_word' id='word_1_259' title='bbox 1151 3997 1281 4052; x_wconf 83' lang='lat' dir='ltr'><strong>virtutum</strong></span> <span class='ocrx_word' id='word_1_260' title='bbox 1299 3998 1400 4068; x_wconf 90' lang='lat' dir='ltr'><strong>pennis</strong></span> 
     </span>
    </p>
   </div>
   <div class='ocr_carea' id='block_1_5' title="bbox 340 4116 1395 4190">
    <p class='ocr_par' dir='ltr' id='par_1_5' title="bbox 340 4116 1395 4190">
     <span class='ocr_line' id='line_1_30' title="bbox 340 4116 1395 4190; baseline -0.003 -13"><span class='ocrx_word' id='word_1_261' title='bbox 340 4117 459 4177; x_wconf 85' lang='lat' dir='ltr'><strong>coelestia</strong></span> <span class='ocrx_word' id='word_1_262' title='bbox 477 4117 569 4190; x_wconf 77' lang='lat' dir='ltr'><strong>petati</strong></span> <span class='ocrx_word' id='word_1_263' title='bbox 598 4117 633 4171; x_wconf 86' lang='lat' dir='ltr'><strong>Et</strong></span> <span class='ocrx_word' id='word_1_264' title='bbox 650 4117 751 4174; x_wconf 90' lang='lat' dir='ltr'><strong>homini</strong></span> <span class='ocrx_word' id='word_1_265' title='bbox 773 4117 882 4189; x_wconf 88' lang='lat' dir='ltr'><strong>quidem</strong></span> <span class='ocrx_word' id='word_1_266' title='bbox 904 4118 964 4172; x_wconf 84' lang='lat' dir='ltr'><strong>linis</strong></span> <span class='ocrx_word' id='word_1_267' title='bbox 985 4117 1043 4183; x_wconf 89' lang='lat' dir='ltr'><strong>erit,</strong></span> <span class='ocrx_word' id='word_1_268' title='bbox 1065 4116 1113 4171; x_wconf 87' lang='lat' dir='ltr'><strong>sed</strong></span> <span class='ocrx_word' id='word_1_269' title='bbox 1130 4117 1189 4171; x_wconf 89' lang='lat' dir='ltr'><strong>sine</strong></span> <span class='ocrx_word' id='word_1_270' title='bbox 1205 4133 1288 4188; x_wconf 82' lang='lat' dir='ltr'><strong>poena</strong></span> <span class='ocrx_word' id='word_1_271' title='bbox 1316 4117 1395 4190; x_wconf 74' lang='lat' dir='ltr'><strong>dura-</strong></span> 
     </span>
    </p>
   </div>
   <div class='ocr_carea' id='block_1_6' title="bbox 0 0 1554 5192">
    <p class='ocr_par' dir='ltr' id='par_1_6' title="bbox 0 0 1554 5192">
     <span class='ocr_line' id='line_1_31' title="bbox 0 0 1554 5192; baseline 0 3"><span class='ocrx_word' id='word_1_272' title='bbox 0 0 1554 5192; x_wconf 95' lang='lat' dir='ltr'><strong> </strong></span> 
     </span>
    </p>
   </div>
  </div>
 </body>
</html>
