3100 5192
542 441 700 493 Denvansrs
718 458 864 494 arrsrocn.
1030 504 1036 527 Ι
1196 446 1231 493 83

178 600 286 661 tionem,
299 604 329 649 ut
341 594 439 667 optime
452 595 520 649 dixit
531 603 658 649 tractator
670 605 767 661 noster,
782 605 808 651 et
819 596 853 650 ad
866 596 1064 650 similitudinem
1078 596 1228 649 secundum

177 716 360 770 innocentiam
377 724 404 770 et
417 716 557 787 justitiam,
577 734 638 786 quae
656 717 683 769 in
697 726 792 775 mente
815 717 938 771 rationali
962 715 1050 787 potius
1072 715 1230 769 naturaliter

180 855 261 907 quam
274 837 473 891 accidentaliter
486 838 584 903 insunt,
598 838 721 891 conditus
739 846 780 891 est
795 838 883 891 homo.
921 838 1020 908 Stupeo
1037 836 1167 908 siquidem
1186 854 1230 891 ore

178 956 319 1021 audivisse,
339 957 411 1027 quod
426 956 527 1010 nollem
546 956 588 1010 rel
608 957 761 1023 somniasse,
772 956 972 1011 similitudinem
990 955 1041 1009 Dei
1057 955 1157 1009 donum
1172 971 1229 1008 esse

180 1073 358 1139 accidentale3
395 1074 467 1146 quod
483 1073 551 1129 aden
569 1092 623 1127 non
644 1073 817 1139 accidentale,
836 1073 883 1129 sed
900 1073 1029 1128 veraciter
1047 1073 1229 1136 substantiale,

182 1194 257 1247 novit
268 1194 315 1265 qui
326 1194 484 1266 Apostolum
496 1192 631 1263 intelligit.
668 1194 779 1261 Scimus,
793 1194 888 1265 inquit,
901 1194 964 1266 quia
977 1211 1058 1264 quum
1070 1192 1233 1264 apparuerit.

182 1314 281 1368 similes
293 1315 317 1368 ei
330 1314 435 1380 erimus,
449 1314 512 1385 quia
524 1313 673 1367 videbimus
686 1332 748 1366 eum
758 1313 839 1367 sicuti
852 1322 899 1367 est.
936 1314 1008 1374 Quid
1021 1322 1062 1369 est
1074 1314 1230 1368 Simileser-

182 1433 258 1486 musi
275 1433 326 1486 nisi
337 1433 537 1488 similitudinem
550 1436 608 1507 ejus
618 1432 794 1489 habebimus?
812 1436 899 1494 Quam
912 1435 983 1488 enim
992 1434 1193 1488 similitudinem
1202 1434 1231 1487 in

179 1554 312 1606 creatione
330 1554 487 1623 accepimus,
507 1553 621 1607 eandem
639 1555 666 1607 in
684 1554 875 1608 resurrectione
893 1555 991 1625 prima,
1018 1556 1137 1625 denique
1162 1563 1188 1607 et
1205 1555 1235 1607 in

181 1671 308 1735 secunda,
319 1670 366 1724 sed
383 1672 459 1725 aliter
473 1671 590 1725 habituri
608 1690 707 1726 sumus.
742 1674 814 1726 Nam
829 1673 858 1725 in
877 1674 1009 1725 creatione
1028 1674 1065 1725 ita
1081 1673 1178 1725 collata
1195 1680 1235 1725 est

182 1789 254 1860 quod
272 1790 357 1843 amitti
374 1791 467 1862 potuit,
487 1809 570 1862 quum
587 1791 668 1844 etiam
681 1809 793 1861 peccare
808 1793 896 1862 potuit
912 1793 954 1846 vel
969 1792 1056 1863 potius
1074 1792 1227 1855 deformari,

182 1910 229 1964 sed
240 1911 269 1963 in
280 1929 342 1964 vera
353 1911 559 1977 immortalitate,
573 1930 655 1982 quum
666 1930 717 1965 nec
729 1914 797 1966 mori
809 1931 859 1967 nec
870 1931 981 1984 peccare
992 1914 1073 1966 homo
1085 1913 1192 1984 poterit,
1202 1912 1235 1973 de

105 2040 109 2043 ’
183 2030 356 2084 similitudine
368 2031 420 2083 Dei
432 2029 583 2083 eternaliter
594 2030 729 2099 gaudebit.
765 2030 838 2090 Quid
850 2032 948 2100 igitur?
975 2032 1052 2084 Itane
1068 2049 1172 2085 summe
1187 2031 1234 2084 illa

186 2150 325 2206 beatitudo
337 2157 363 2203 et
374 2150 461 2220 gloria
469 2159 621 2204 sanctorum
629 2151 800 2205 accidentalis
809 2150 869 2215 erit,
875 2158 905 2203 ut
915 2152 999 2221 possit
1006 2151 1098 2203 adesse
1108 2159 1134 2203 et
1142 2152 1235 2204 abesse

182 2278 282 2343 praeter
305 2273 501 2342 corruptionem
525 2272 654 2344 subjecti?
681 2273 741 2325 Hoc
765 2272 836 2326 enim
855 2272 1018 2326 accidentale
1037 2280 1084 2325 est.
1122 2272 1177 2325 Ubi
1196 2292 1234 2336 es,

185 2391 283 2444 bomo?
300 2390 397 2444 Nonne
409 2390 437 2443 in
448 2391 609 2446 mortalitate
621 2390 665 2444 vel
676 2392 764 2461 potius
776 2392 804 2443 in
817 2392 919 2445 morte?
936 2392 1025 2451 Quare
1036 2392 1046 2446 l
1065 2392 1162 2445 Nonne
1174 2394 1237 2462 quia

185 2508 296 2563 amisisti
326 2508 378 2563 Dei
405 2509 625 2562 similitudinem?
654 2509 726 2567 Quid
755 2510 827 2561 enim
859 2508 950 2561 Deus?
969 2508 1066 2562 Nonne
1097 2509 1172 2561 vita?
1203 2510 1239 2561 Et

186 2646 248 2699 quae
279 2638 319 2682 est
346 2628 496 2682 similitudo
526 2628 589 2680 vitae
613 2627 665 2680 nisi
689 2627 759 2680 vita?
797 2628 860 2679 Aut·
882 2645 943 2698 quae
968 2626 1155 2680 dissimilitudo
1187 2627 1238 2679 nisi

186 2750 278 2802 mors?
313 2749 429 2803 Mortem
452 2766 567 2818 namque
596 2748 700 2801 invenit
728 2747 774 2818 qui
803 2746 1002 2801 similitudinem
1033 2747 1084 2799 Dei
1113 2747 1241 2801 amiserit.

186 2868 267 2930 Quod
295 2867 317 2920 si
344 2866 404 2920 ideo
427 2867 480 2920 Dei
510 2866 674 2920 accidentale
697 2866 843 2949 similitudo
869 2866 920 2919 Dei
943 2866 1006 2937 quia
1026 2866 1125 2919 auferri
1147 2866 1241 2936 potuit,

186 3004 241 3041 non
263 3001 326 3038 vera
348 2992 389 3038 est
411 2985 609 3053 consequentia.
658 2984 701 3037 Sic
725 2985 797 3036 enim
820 2992 972 3053 sequoretur
994 2983 1066 3053 quod
1088 2983 1240 3037 accidenta-

186 3105 248 3159 liter
259 3106 415 3169 viveremus,
429 3102 492 3174 quia
506 3101 573 3155 mori
586 3118 735 3172 possumus.
772 3101 883 3155 Naturae
896 3102 1028 3172 siqnidem
1040 3101 1185 3155 accidentis
1196 3110 1236 3155 cst

187 3233 220 3277 ut
230 3225 315 3295 possit
332 3223 424 3277 adesse
444 3230 471 3275 et
488 3222 588 3286 abesse,
607 3228 704 3293 prester
719 3219 830 3292 subjecti
847 3221 1051 3291 corruptionem.
1088 3220 1167 3280 Quod
1185 3222 1244 3290 quis

188 3345 247 3398 sani
259 3344 360 3398 cerebri
378 3342 421 3396 vel
437 3341 524 3397 cordis
539 3342 637 3397 sentire
653 3340 750 3396 audeat
768 3340 802 3397 dc
818 3342 926 3406 virtute,
938 3341 1050 3413 justitia,
1070 3341 1197 3404 bonitate,
1218 3348 1244 3393 et

189 3480 280 3517 amore
292 3463 398 3517 virtutis
410 3462 438 3515 in
451 3462 559 3517 animal
586 3460 703 3525 Prorsus,
715 3469 747 3514 ut
758 3460 796 3514 ait
815 3461 987 3530 Augustinus,
1007 3469 1037 3513 ut
1056 3461 1109 3514 vita
1128 3460 1244 3531 corporis

118 3602 123 3611 ·
190 3583 288 3646 anima,
302 3582 339 3635 sic
352 3582 449 3635 animae
461 3581 517 3634 vita
534 3580 616 3634 Deus.
653 3580 725 3633 Vera
741 3596 847 3649 quoque
865 3579 956 3643 virtus,
969 3596 1034 3631 vera
1051 3579 1165 3643 bonitas,
1180 3596 1245 3631 vera

188 3699 302 3772 justitia,
315 3699 398 3752 immo
410 3699 469 3771 ipsa
480 3698 578 3752 veritas
596 3704 636 3751 est
653 3696 735 3750 Deus.
773 3696 835 3749 Sine
852 3695 894 3748 his
909 3694 989 3765 igitur
1008 3696 1029 3748 si
1045 3674 1125 3747 fuerit
1142 3695 1239 3759 anima,

189 3823 308 3887 moritur,
321 3830 349 3875 et
360 3820 436 3875 ducis
446 3838 502 3875 esse
514 3819 690 3875 accidentalia
699 3818 788 3874 douai
806 3818 921 3873 Vertens
932 3820 1028 3873 iterum
1042 3818 1141 3885 oculos,
1154 3825 1181 3871 et
1199 3836 1239 3872 re-

188 3941 282 4011 legens
293 3941 384 4011 apices
402 3948 514 4006 nostros,
531 3939 723 4009 inveniensque
739 3956 793 3993 non
809 3938 911 3992 donum
931 3938 978 3991 sed
994 3940 1093 3993 bonum
1107 3937 1239 4002 accidens,

193 4063 307 4135 majores
325 4060 479 4133 phantasias
495 4058 620 4115 admiror.
657 4060 756 4115 Nonne
773 4060 845 4115 enim
862 4060 1009 4114 similitudo
1026 4060 1077 4114 Dei
1095 4060 1168 4112 Deus
1186 4058 1241 4111 est?
