3100 5192
669 534 818 570 nrrsronn.
999 577 1005 586 Ἰ,
1218 529 1253 580 59

196 679 272 732 onim
291 685 331 731 est
348 677 446 748 petitor
464 676 516 730 nisi
535 680 579 747 qui
598 675 717 731 ambulat
736 676 764 728 in
783 677 870 731 medio
888 677 1007 751 lapidum
1034 681 1185 751 ignitorum,
1205 682 1257 736 nisi

195 801 244 871 qui
262 798 405 852 cedrorum
421 799 565 854 medullam
584 801 721 854 consuerit
737 801 862 866 lambere,
883 809 909 854 et
920 801 1051 873 praeclara
1062 803 1251 857 sententiarum

194 918 330 990 stipendia
348 918 381 971 de
399 919 491 973 castris
508 919 725 991 philosophorum
742 925 895 992 reportaret
924 923 950 976 A
969 940 1022 993 quo
1038 923 1090 977 nisi
1107 924 1141 976 ab
1160 923 1250 996 coqui

193 1039 264 1092 iuter
282 1046 371 1091 sentes
387 1056 422 1092 na
440 1039 528 1092 dicam
545 1041 691 1093 sententias
708 1040 818 1094 delicias
838 1049 944 1112 reputat
969 1043 1103 1096 dormire?
1139 1042 1165 1095 A
1192 1059 1246 1114 quo

194 1161 248 1214 nisi
259 1161 294 1215 ab
307 1161 397 1232 ecqui
408 1180 496 1233 neque
517 1164 646 1234 ungulam
666 1165 745 1218 findit
765 1165 904 1219 meliorum
925 1164 1056 1220 dictorum
1078 1164 1247 1220 distinctione

194 1298 285 1351 neque
305 1283 424 1337 ruminat
444 1283 520 1354 siqua
541 1283 681 1354 contigerit
697 1285 788 1339 audire
807 1285 852 1339 vel
870 1286 976 1356 legeret
1000 1285 1066 1346 Quis
1086 1301 1102 1338 a
1120 1302 1173 1355 qno
1193 1284 1245 1338 nisi

194 1403 290 1457 doctus
302 1404 337 1456 ab
349 1403 466 1470 indocto,
479 1405 530 1458 nisi
542 1407 637 1478 plenus
649 1423 666 1458 a
676 1424 770 1472 vacuo,
784 1406 835 1460 nisi
846 1406 940 1459 videns
954 1423 970 1458 a
989 1407 1083 1460 coeool
1107 1407 1169 1460 Non
1189 1407 1249 1460 lave

195 1524 240 1577 vel
251 1525 365 1595 simplex
378 1525 463 1578 fateor
476 1525 698 1596 impedimentum
712 1527 837 1588 eratineo,
851 1543 885 1578 ne
906 1525 1003 1578 intrem
1021 1527 1049 1578 in
1070 1527 1250 1580 sanctuarium

194 1644 247 1698 Dei
258 1653 289 1698 ut
300 1645 334 1698 de
346 1664 428 1700 manu
441 1646 576 1700 Cherubin
589 1648 716 1702 carbones
729 1647 920 1701 consolatorios
933 1646 980 1698 tibi
989 1646 1128 1717 accipiam.
1154 1647 1250 1702 Obstat

193 1765 257 1818 hinc
269 1765 410 1820 flammeus
421 1769 526 1838 gladius
538 1776 618 1838 atque
630 1767 763 1822 versatilis
775 1767 986 1820 sollicitudinum
998 1784 1084 1838 usque
1097 1766 1133 1819 ad
1151 1766 1254 1820 medul-

191 1886 248 1939 lam
260 1888 358 1941 animae
370 1891 575 1959 penetrantium,
588 1890 662 1943 illinc
673 1877 779 1943 caterva
788 1889 988 1943 Philistinorum
996 1896 1089 1960 puteos
1098 1907 1170 1942 meos
1178 1897 1261 1942 terra

194 2017 360 2062 mortuorum
374 2009 544 2081 replentium.
582 2011 682 2063 Praeter
693 2011 753 2064 haec
765 2019 841 2062 tanta
860 2018 931 2063 certe
951 2009 1074 2062 confusio
1096 2026 1255 2062 concurren-

193 2127 262 2180 tium
277 2127 312 2181 ad
323 2147 365 2182 me
376 2129 409 2181 fit
420 2147 503 2200 quum
523 2129 622 2200 incipio
643 2130 807 2194 seriberent
827 2146 896 2200 pene
916 2128 1026 2199 syllabae
1046 2128 1160 2198 singulae
1181 2146 1251 2181 nova

193 2256 324 2319 cogantur
336 2248 435 2302 habere
446 2250 586 2320 principia.
625 2249 695 2302 Ecce
704 2251 851 2303 monachus
864 2251 1013 2315 confitetur,
1028 2267 1089 2304 ecce
1111 2249 1179 2302 alius
1199 2249 1250 2302 dif-

190 2371 290 2436 fitetur,
304 2388 366 2424 ecce
379 2371 458 2424 miles
469 2371 647 2424 fabulationes
659 2380 758 2437 narrat,
772 2391 834 2425 ecoe
847 2372 958 2426 clericus
970 2373 1075 2437 salutat,
1089 2389 1150 2426 ecoe
1164 2372 1250 2426 famu·

186 2490 376 2561 lusinquietat,
385 2508 446 2544 ecce
454 2508 527 2543 nunc
537 2491 578 2543 ius
589 2509 697 2543 corvum
706 2492 873 2560 frequentius
882 2508 963 2560 quam
973 2490 1123 2544 columbam
1132 2497 1246 2542 resonat.

193 2611 237 2664 Mi
248 2612 353 2677 dilecte,
367 2612 433 2682 quid
444 2611 550 2664 interim
563 2629 609 2663 cor
628 2610 774 2662 humanum
796 2627 957 2678 congregare
975 2608 1072 2678 poterit
1085 2607 1243 2660 Sanctarum

193 2733 398 2804 Scripturarum,
405 2733 684 2803 quidmeditationum,
692 2731 765 2801 quod
771 2747 929 2800 componere
938 2727 1182 2781 commonitorium?
1196 2727 1248 2781 Sed

192 2852 261 2906 forte
272 2853 335 2905 haec
347 2853 405 2924 ipsa
418 2871 472 2906 non
485 2853 618 2905 monendo
630 2858 750 2915 monent,
772 2849 945 2919 inquietando
958 2848 1070 2902 suadent
1082 2847 1207 2917 quietem,
1222 2847 1250 2899 in

193 2973 327 3026 diversum
340 2973 506 3043 decerpendo
519 2991 610 3026 verum
622 2972 650 3024 id
662 2972 751 3042 ipsum
770 2987 890 3040 quaerere
912 2968 1066 3022 admonent.
1113 2967 1155 3020 Sic
1177 2966 1248 3021 enim

193 3094 312 3146 caudens
323 3112 421 3166 panem
433 3112 532 3164 quaero‚
547 3110 645 3162 aquam
666 3091 765 3154 sitiens,
780 3089 870 3159 algens
890 3089 989 3157 ignem,
1010 3086 1128 3155 caligans
1147 3086 1244 3147 lucem,

189 3213 318 3267 deficiens
330 3214 510 3266 refectionem.
548 3212 649 3264 Verum
661 3219 691 3262 tn
703 3209 776 3262 aliud
787 3209 889 3261 habens
901 3206 996 3260 melius
1017 3215 1043 3259 et
1063 3205 1151 3259 verius
1175 3221 1246 3258 oom-

192 3333 363 3388 monitorium
374 3351 464 3386 rursus
476 3333 548 3386 aliud
561 3331 720 3385 mendicaris
732 3331 819 3402 potius
833 3347 867 3382 ex
879 3330 1015 3384 voluntate
1028 3345 1108 3398 quam
1116 3344 1150 3380 ex
1158 3343 1249 3380 neces-

197 3453 282 3507 sitate.
320 3454 452 3524 Exemplo
465 3453 544 3508 credo
557 3453 737 3525 apostolorum
749 3450 777 3504 id
790 3449 856 3504 facis
869 3450 915 3518 qui
929 3467 1011 3519 quum
1020 3450 1036 3501 J
1039 3466 1113 3502 esum
1119 3447 1250 3502 haberent

192 3582 296 3646 patrem
315 3576 487 3629 nihilominus
506 3573 597 3626 videre
620 3572 771 3642 cupiebant.
833 3569 957 3632 Domine,
982 3571 1114 3639 inquiunt,
1137 3570 1249 3624 ostende

192 3695 270 3748 nobis
281 3702 385 3767 patrem
397 3703 424 3748 et
437 3694 540 3746 suflicit
551 3692 636 3744 nobis.
674 3690 803 3743 Nondum
815 3695 948 3741 noverant
960 3686 1024 3757 quia
1036 3687 1079 3739 cui
1098 3687 1172 3740 filius
1193 3703 1248 3739 non

193 3816 299 3882 sufficit,
315 3834 366 3869 nec
377 3822 481 3886 patrem
494 3815 593 3868 habere
612 3812 718 3883 poterit.
763 3810 848 3863 Plena
866 3809 965 3862 etenim
985 3807 1037 3861 filii
1056 3807 1171 3878 cognitio
1190 3807 1251 3860 uni·

191 3955 276 3990 versae
288 3935 426 3990 rationalis
438 3943 567 3988 creaturae
580 3942 620 3987 est
637 3932 790 4005 plenissima
810 3932 946 3986 recreatio.
984 3933 1007 3985 0
1030 3949 1110 4003 quam
1128 3931 1248 4003 jucunda

192 4058 438 4112 Claraevallensium
451 4055 662 4111 commonitorio.
699 4054 770 4114 Quid
784 4054 854 4107 enim
866 4054 984 4106 lacrimae
1005 4053 1084 4124 hujus
1104 4051 1155 4104 nisi
1176 4069 1249 4104 oom-

192 4179 346 4250 punctionis
368 4186 430 4230 sunt
448 4177 627 4237 incitamenta,
650 4174 714 4243 quid
735 4172 842 4227 alterius
873 4171 1005 4224 continuo
1033 4170 1164 4226 orationes
1194 4169 1244 4220 nisi
